<?xml version="1.0" encoding="UTF-8"?>
<!DOCTYPE html PUBLIC "-//W3C//DTD XHTML 1.0 Transitional//EN"
    "http://www.w3.org/TR/xhtml1/DTD/xhtml1-transitional.dtd">
<html xmlns="http://www.w3.org/1999/xhtml" xml:lang="en" lang="en">
 <head>
  <title>
</title>
<meta http-equiv="Content-Type" content="text/html;charset=utf-8" />
  <meta name='ocr-system' content='tesseract 3.04.00' />
  <meta name='ocr-capabilities' content='ocr_page ocr_carea ocr_par ocr_line ocrx_word'/>
</head>
<body>
  <div class='ocr_page' id='page_1' title='image "./laeliusdeamicit02cicegoog_0032.png"; bbox 0 0 2752 3928; ppageno 0'>
   <div class='ocr_carea' id='block_1_1' title="bbox 540 234 1173 307">
    <p class='ocr_par' dir='ltr' id='par_1_1' title="bbox 540 234 1173 307">
     <span class='ocr_line' id='line_1_1' title="bbox 540 234 1173 307; baseline 0.002 -19"><span class='ocrx_word' id='word_1_1' title='bbox 540 234 708 305; x_wconf 72' lang='lat' dir='ltr'>nunnus,</span> <span class='ocrx_word' id='word_1_2' title='bbox 734 237 794 291; x_wconf 82' lang='lat' dir='ltr'>a-r.</span> <span class='ocrx_word' id='word_1_3' title='bbox 1133 240 1173 307; x_wconf 74' lang='lat'>27</span> 
     </span>
    </p>
   </div>
   <div class='ocr_carea' id='block_1_2' title="bbox 61 406 1221 3551">
    <p class='ocr_par' dir='ltr' id='par_1_2' title="bbox 61 406 1221 3551">
     <span class='ocr_line' id='line_1_2' title="bbox 154 406 1175 494; baseline 0.002 -20"><span class='ocrx_word' id='word_1_4' title='bbox 154 407 353 494; x_wconf 87' lang='lat' dir='ltr'>cepissemus</span> <span class='ocrx_word' id='word_1_5' title='bbox 374 429 393 473; x_wconf 88' lang='lat' dir='ltr'>a</span> <span class='ocrx_word' id='word_1_6' title='bbox 414 407 562 494; x_wconf 85' lang='lat' dir='ltr'>patribus</span> <span class='ocrx_word' id='word_1_7' title='bbox 583 406 726 474; x_wconf 84' lang='lat' dir='ltr'>maxime</span> <span class='ocrx_word' id='word_1_8' title='bbox 750 409 996 475; x_wconf 83' lang='lat' dir='ltr'>memorabilem</span> <span class='ocrx_word' id='word_1_9' title='bbox 1019 409 1056 476; x_wconf 89' lang='lat' dir='ltr'>O.</span> <span class='ocrx_word' id='word_1_10' title='bbox 1072 406 1175 476; x_wconf 85' lang='lat' dir='ltr'>Laelii</span> 
     </span>
     <span class='ocr_line' id='line_1_3' title="bbox 154 509 1174 596; baseline 0.003 -22"><span class='ocrx_word' id='word_1_11' title='bbox 154 517 188 574; x_wconf 89' lang='lat' dir='ltr'>et</span> <span class='ocrx_word' id='word_1_12' title='bbox 203 509 243 576; x_wconf 91' lang='lat' dir='ltr'>P.</span> <span class='ocrx_word' id='word_1_13' title='bbox 261 509 423 596; x_wconf 81' lang='lat' dir='ltr'>Scipionis</span> <span class='ocrx_word' id='word_1_14' title='bbox 437 510 694 576; x_wconf 82' lang='lat' dir='ltr'>familiaritatem</span> <span class='ocrx_word' id='word_1_15' title='bbox 716 510 828 592; x_wconf 84' lang='lat' dir='ltr'>fuisse,</span> <span class='ocrx_word' id='word_1_16' title='bbox 843 513 960 578; x_wconf 89' lang='lat' dir='ltr'>idonea</span> <span class='ocrx_word' id='word_1_17' title='bbox 975 512 1057 576; x_wconf 92' lang='lat' dir='ltr'>mihi</span> <span class='ocrx_word' id='word_1_18' title='bbox 1073 512 1174 579; x_wconf 87' lang='lat' dir='ltr'>Laelii</span> 
     </span>
     <span class='ocr_line' id='line_1_4' title="bbox 153 612 1174 702; baseline 0.006 -26"><span class='ocrx_word' id='word_1_19' title='bbox 153 633 294 697; x_wconf 88' lang='lat' dir='ltr'>persona</span> <span class='ocrx_word' id='word_1_20' title='bbox 306 612 374 676; x_wconf 88' lang='lat' dir='ltr'>visa</span> <span class='ocrx_word' id='word_1_21' title='bbox 388 619 437 677; x_wconf 90' lang='lat' dir='ltr'>est</span> <span class='ocrx_word' id='word_1_22' title='bbox 452 633 535 698; x_wconf 91' lang='lat' dir='ltr'>quae</span> <span class='ocrx_word' id='word_1_23' title='bbox 550 613 591 677; x_wconf 91' lang='lat' dir='ltr'>de</span> <span class='ocrx_word' id='word_1_24' title='bbox 607 613 751 678; x_wconf 87' lang='lat' dir='ltr'>amicitia</span> <span class='ocrx_word' id='word_1_25' title='bbox 766 635 804 678; x_wconf 90' lang='lat' dir='ltr'>ea</span> <span class='ocrx_word' id='word_1_26' title='bbox 818 613 887 699; x_wconf 91' lang='lat' dir='ltr'>ipsa</span> <span class='ocrx_word' id='word_1_27' title='bbox 898 614 1078 697; x_wconf 79' lang='lat' dir='ltr'>dissereret,</span> <span class='ocrx_word' id='word_1_28' title='bbox 1091 638 1174 702; x_wconf 88' lang='lat' dir='ltr'>quae</span> 
     </span>
     <span class='ocr_line' id='line_1_5' title="bbox 155 714 1175 801; baseline 0.006 -25"><span class='ocrx_word' id='word_1_29' title='bbox 155 714 320 798; x_wconf 89' lang='lat' dir='ltr'>disputata</span> <span class='ocrx_word' id='word_1_30' title='bbox 334 715 376 779; x_wconf 91' lang='lat' dir='ltr'>ab</span> <span class='ocrx_word' id='word_1_31' title='bbox 390 735 428 779; x_wconf 92' lang='lat' dir='ltr'>eo</span> <span class='ocrx_word' id='word_1_32' title='bbox 443 714 645 780; x_wconf 89' lang='lat' dir='ltr'>meminisset</span> <span class='ocrx_word' id='word_1_33' title='bbox 660 714 824 780; x_wconf 81' lang='lat' dir='ltr'>Scaevola.</span> <span class='ocrx_word' id='word_1_34' title='bbox 869 735 973 801; x_wconf 84' lang='lat' dir='ltr'>genus</span> <span class='ocrx_word' id='word_1_35' title='bbox 989 724 1097 780; x_wconf 88' lang='lat' dir='ltr'>autem</span> <span class='ocrx_word' id='word_1_36' title='bbox 1114 717 1175 782; x_wconf 90' lang='lat' dir='ltr'>hoo</span> 
     </span>
     <span class='ocr_line' id='line_1_6' title="bbox 154 815 1174 901; baseline 0.003 -22"><span class='ocrx_word' id='word_1_37' title='bbox 154 836 343 880; x_wconf 87' lang='lat' dir='ltr'>sermonum</span> <span class='ocrx_word' id='word_1_38' title='bbox 357 816 502 901; x_wconf 86' lang='lat' dir='ltr'>positum</span> <span class='ocrx_word' id='word_1_39' title='bbox 525 816 560 879; x_wconf 95' lang='lat' dir='ltr'>in</span> <span class='ocrx_word' id='word_1_40' title='bbox 583 815 756 881; x_wconf 93' lang='lat' dir='ltr'>hominum</span> <span class='ocrx_word' id='word_1_41' title='bbox 771 824 921 881; x_wconf 82' lang='lat' dir='ltr'>veterum</span> <span class='ocrx_word' id='word_1_42' title='bbox 937 818 1129 882; x_wconf 88' lang='lat' dir='ltr'>auctoritate</span> <span class='ocrx_word' id='word_1_43' title='bbox 1141 826 1174 882; x_wconf 90' lang='lat' dir='ltr'>et</span> 
     </span>
     <span class='ocr_line' id='line_1_7' title="bbox 154 917 1174 1004; baseline 0.002 -23"><span class='ocrx_word' id='word_1_44' title='bbox 154 937 270 981; x_wconf 85' lang='lat' dir='ltr'>eorum</span> <span class='ocrx_word' id='word_1_45' title='bbox 284 917 473 981; x_wconf 87' lang='lat' dir='ltr'>inlustrium</span> <span class='ocrx_word' id='word_1_46' title='bbox 495 917 569 1002; x_wconf 92' lang='lat' dir='ltr'>plus</span> <span class='ocrx_word' id='word_1_47' title='bbox 584 917 693 982; x_wconf 86' lang='lat' dir='ltr'>nescio</span> <span class='ocrx_word' id='word_1_48' title='bbox 711 939 776 1004; x_wconf 91' lang='lat' dir='ltr'>quo</span> <span class='ocrx_word' id='word_1_49' title='bbox 790 926 885 1004; x_wconf 87' lang='lat' dir='ltr'>pacto</span> <span class='ocrx_word' id='word_1_50' title='bbox 902 919 1034 983; x_wconf 90' lang='lat' dir='ltr'>videtur</span> <span class='ocrx_word' id='word_1_51' title='bbox 1055 918 1174 985; x_wconf 87' lang='lat' dir='ltr'>babere</span> 
     </span>
     <span class='ocr_line' id='line_1_8' title="bbox 153 1018 1173 1107; baseline 0.005 -26"><span class='ocrx_word' id='word_1_52' title='bbox 153 1018 343 1104; x_wconf 85' lang='lat' dir='ltr'>gravitatis3</span> <span class='ocrx_word' id='word_1_53' title='bbox 365 1018 475 1104; x_wconf 89' lang='lat' dir='ltr'>itaque</span> <span class='ocrx_word' id='word_1_54' title='bbox 490 1019 559 1105; x_wconf 91' lang='lat' dir='ltr'>ipse</span> <span class='ocrx_word' id='word_1_55' title='bbox 571 1042 644 1085; x_wconf 89' lang='lat' dir='ltr'>mea</span> <span class='ocrx_word' id='word_1_56' title='bbox 659 1019 771 1107; x_wconf 87' lang='lat' dir='ltr'>legens</span> <span class='ocrx_word' id='word_1_57' title='bbox 786 1019 832 1085; x_wconf 91' lang='lat' dir='ltr'>sio</span> <span class='ocrx_word' id='word_1_58' title='bbox 847 1019 981 1085; x_wconf 86' lang='lat' dir='ltr'>adficior</span> <span class='ocrx_word' id='word_1_59' title='bbox 995 1021 1173 1100; x_wconf 87' lang='lat' dir='ltr'>interdum,</span> 
     </span>
     <span class='ocr_line' id='line_1_9' title="bbox 154 1119 1203 1207; baseline 0.007 -23"><span class='ocrx_word' id='word_1_60' title='bbox 154 1127 194 1184; x_wconf 91' lang='lat' dir='ltr'>ut</span> <span class='ocrx_word' id='word_1_61' title='bbox 210 1119 379 1202; x_wconf 81' lang='lat' dir='ltr'>Catonem,</span> <span class='ocrx_word' id='word_1_62' title='bbox 395 1143 462 1186; x_wconf 90' lang='lat' dir='ltr'>non</span> <span class='ocrx_word' id='word_1_63' title='bbox 479 1143 534 1186; x_wconf 92' lang='lat' dir='ltr'>me</span> <span class='ocrx_word' id='word_1_64' title='bbox 555 1121 646 1207; x_wconf 90' lang='lat' dir='ltr'>loqui</span> <span class='ocrx_word' id='word_1_65' title='bbox 668 1122 863 1186; x_wconf 86' lang='lat' dir='ltr'>existimem.</span> <span class='ocrx_word' id='word_1_66' title='bbox 908 1122 965 1187; x_wconf 91' lang='lat' dir='ltr'>sed</span> <span class='ocrx_word' id='word_1_67' title='bbox 987 1131 1026 1187; x_wconf 92' lang='lat' dir='ltr'>ut</span> <span class='ocrx_word' id='word_1_68' title='bbox 1044 1131 1115 1187; x_wconf 91' lang='lat' dir='ltr'>tum</span> <span class='ocrx_word' id='word_1_69' title='bbox 1133 1125 1203 1192; x_wconf 85' lang='lat' dir='ltr'>ad5</span> 
     </span>
     <span class='ocr_line' id='line_1_10' title="bbox 154 1222 1175 1316; baseline 0.001 -30"><span class='ocrx_word' id='word_1_70' title='bbox 154 1243 266 1287; x_wconf 88' lang='lat' dir='ltr'>senem</span> <span class='ocrx_word' id='word_1_71' title='bbox 282 1244 381 1287; x_wconf 88' lang='lat' dir='ltr'>senex</span> <span class='ocrx_word' id='word_1_72' title='bbox 395 1223 437 1288; x_wconf 90' lang='lat' dir='ltr'>de</span> <span class='ocrx_word' id='word_1_73' title='bbox 452 1231 629 1303; x_wconf 77' lang='lat' dir='ltr'>senectute,</span> <span class='ocrx_word' id='word_1_74' title='bbox 638 1223 692 1316; x_wconf 32' lang='lat' dir='ltr'>‘sic</span> <span class='ocrx_word' id='word_1_75' title='bbox 707 1222 768 1287; x_wconf 88' lang='lat' dir='ltr'>hoc</span> <span class='ocrx_word' id='word_1_76' title='bbox 783 1222 869 1288; x_wconf 94' lang='lat' dir='ltr'>libro</span> <span class='ocrx_word' id='word_1_77' title='bbox 884 1224 924 1287; x_wconf 90' lang='lat' dir='ltr'>ad</span> <span class='ocrx_word' id='word_1_78' title='bbox 940 1224 1083 1288; x_wconf 89' lang='lat' dir='ltr'>amioum</span> <span class='ocrx_word' id='word_1_79' title='bbox 1098 1225 1175 1288; x_wconf 86' lang='lat' dir='ltr'>ami-</span> 
     </span>
     <span class='ocr_line' id='line_1_11' title="bbox 61 1321 1174 1412; baseline 0.001 -23"><span class='ocrx_word' id='word_1_80' title='bbox 61 1321 64 1326; x_wconf 74' lang='grc'><strong>’</strong></span> <span class='ocrx_word' id='word_1_81' title='bbox 155 1324 303 1390; x_wconf 77' lang='lat' dir='ltr'>sissimus</span> <span class='ocrx_word' id='word_1_82' title='bbox 318 1325 431 1411; x_wconf 79' lang='lat' dir='ltr'>scripsi</span> <span class='ocrx_word' id='word_1_83' title='bbox 446 1326 487 1390; x_wconf 92' lang='lat' dir='ltr'>de</span> <span class='ocrx_word' id='word_1_84' title='bbox 503 1325 655 1400; x_wconf 87' lang='lat' dir='ltr'>amicitia.</span> <span class='ocrx_word' id='word_1_85' title='bbox 698 1333 772 1390; x_wconf 88' lang='lat' dir='ltr'>tum</span> <span class='ocrx_word' id='word_1_86' title='bbox 788 1333 837 1391; x_wconf 90' lang='lat' dir='ltr'>est</span> <span class='ocrx_word' id='word_1_87' title='bbox 853 1324 935 1392; x_wconf 84' lang='lat' dir='ltr'>Oato</span> <span class='ocrx_word' id='word_1_88' title='bbox 956 1325 1093 1408; x_wconf 87' lang='lat' dir='ltr'>locutus,</span> <span class='ocrx_word' id='word_1_89' title='bbox 1110 1348 1174 1412; x_wconf 92' lang='lat' dir='ltr'>quo</span> 
     </span>
     <span class='ocr_line' id='line_1_12' title="bbox 156 1426 1172 1514; baseline 0.002 -22"><span class='ocrx_word' id='word_1_90' title='bbox 156 1434 225 1492; x_wconf 88' lang='lat' dir='ltr'>erat</span> <span class='ocrx_word' id='word_1_91' title='bbox 239 1449 337 1492; x_wconf 89' lang='lat' dir='ltr'>nemo</span> <span class='ocrx_word' id='word_1_92' title='bbox 349 1426 419 1492; x_wconf 83' lang='lat' dir='ltr'>iere</span> <span class='ocrx_word' id='word_1_93' title='bbox 430 1427 537 1493; x_wconf 90' lang='lat' dir='ltr'>senior</span> <span class='ocrx_word' id='word_1_94' title='bbox 548 1428 752 1514; x_wconf 79' lang='lat' dir='ltr'>temporibus</span> <span class='ocrx_word' id='word_1_95' title='bbox 766 1427 841 1508; x_wconf 88' lang='lat' dir='ltr'>illis,</span> <span class='ocrx_word' id='word_1_96' title='bbox 852 1449 950 1492; x_wconf 91' lang='lat' dir='ltr'>nemo</span> <span class='ocrx_word' id='word_1_97' title='bbox 962 1428 1172 1514; x_wconf 89' lang='lat' dir='ltr'>prudentior:</span> 
     </span>
     <span class='ocr_line' id='line_1_13' title="bbox 155 1528 1175 1616; baseline 0.002 -24"><span class='ocrx_word' id='word_1_98' title='bbox 155 1549 244 1594; x_wconf 90' lang='lat' dir='ltr'>nuno</span> <span class='ocrx_word' id='word_1_99' title='bbox 259 1528 389 1595; x_wconf 88' lang='lat' dir='ltr'>Laelius</span> <span class='ocrx_word' id='word_1_100' title='bbox 404 1537 437 1594; x_wconf 92' lang='lat' dir='ltr'>et</span> <span class='ocrx_word' id='word_1_101' title='bbox 454 1531 672 1616; x_wconf 89' lang='lat' dir='ltr'>sapiens-sio</span> <span class='ocrx_word' id='word_1_102' title='bbox 689 1529 778 1595; x_wconf 94' lang='lat' dir='ltr'>enim</span> <span class='ocrx_word' id='word_1_103' title='bbox 798 1538 847 1596; x_wconf 90' lang='lat' dir='ltr'>est</span> <span class='ocrx_word' id='word_1_104' title='bbox 869 1529 1076 1595; x_wconf 90' lang='lat' dir='ltr'>habitus-et</span> <span class='ocrx_word' id='word_1_105' title='bbox 1098 1532 1175 1595; x_wconf 89' lang='lat' dir='ltr'>ami·</span> 
     </span>
     <span class='ocr_line' id='line_1_14' title="bbox 156 1631 1175 1741; baseline 0.001 -45"><span class='ocrx_word' id='word_1_106' title='bbox 156 1631 252 1697; x_wconf 82' lang='lat' dir='ltr'>citiae</span> <span class='ocrx_word' id='word_1_107' title='bbox 266 1632 370 1719; x_wconf 83' lang='lat' dir='ltr'>gloria</span> <span class='ocrx_word' id='word_1_108' title='bbox 386 1632 548 1698; x_wconf 87' lang='lat' dir='ltr'>excellens</span> <span class='ocrx_word' id='word_1_109' title='bbox 560 1633 601 1698; x_wconf 91' lang='lat' dir='ltr'>de</span> <span class='ocrx_word' id='word_1_110' title='bbox 615 1632 761 1697; x_wconf 88' lang='lat' dir='ltr'>amicitia</span> <span class='ocrx_word' id='word_1_111' title='bbox 775 1631 936 1718; x_wconf 89' lang='lat' dir='ltr'>loquetur.</span> <span class='ocrx_word' id='word_1_112' title='bbox 962 1680 1043 1741; x_wconf 56' lang='lat' dir='ltr'>pum„</span> <span class='ocrx_word' id='word_1_113' title='bbox 1076 1681 1118 1728; x_wconf 60' lang='lat' dir='ltr'>the</span> <span class='ocrx_word' id='word_1_114' title='bbox 1137 1695 1175 1727; x_wconf 73' lang='lat' dir='ltr'>re-</span> 
     </span>
     <span class='ocr_line' id='line_1_15' title="bbox 155 1695 1175 1842; baseline 0 -44"><span class='ocrx_word' id='word_1_115' title='bbox 155 1740 193 1798; x_wconf 92' lang='lat' dir='ltr'>tu</span> <span class='ocrx_word' id='word_1_116' title='bbox 209 1734 306 1798; x_wconf 90' lang='lat' dir='ltr'>velim</span> <span class='ocrx_word' id='word_1_117' title='bbox 324 1756 343 1799; x_wconf 92' lang='lat' dir='ltr'>a</span> <span class='ocrx_word' id='word_1_118' title='bbox 365 1757 418 1800; x_wconf 90' lang='lat' dir='ltr'>me</span> <span class='ocrx_word' id='word_1_119' title='bbox 434 1735 579 1799; x_wconf 87' lang='lat' dir='ltr'>animum</span> <span class='ocrx_word' id='word_1_120' title='bbox 602 1755 780 1820; x_wconf 88' lang='lat' dir='ltr'>parumper</span> <span class='ocrx_word' id='word_1_121' title='bbox 802 1741 936 1814; x_wconf 81' lang='lat' dir='ltr'>avertas,</span> <span class='ocrx_word' id='word_1_122' title='bbox 963 1695 1175 1842; x_wconf 40' lang='lat' dir='ltr'>pinel-w&amp;</span> 
     </span>
     <span class='ocr_line' id='line_1_16' title="bbox 156 1810 1184 1922; baseline 0.002 -23"><span class='ocrx_word' id='word_1_123' title='bbox 156 1833 305 1901; x_wconf 89' lang='lat' dir='ltr'>Laelium</span> <span class='ocrx_word' id='word_1_124' title='bbox 320 1835 411 1922; x_wconf 92' lang='lat' dir='ltr'>loqui</span> <span class='ocrx_word' id='word_1_125' title='bbox 427 1836 534 1922; x_wconf 89' lang='lat' dir='ltr'>ipsum</span> <span class='ocrx_word' id='word_1_126' title='bbox 547 1844 651 1921; x_wconf 91' lang='lat' dir='ltr'>putes.</span> <span class='ocrx_word' id='word_1_127' title='bbox 691 1835 729 1900; x_wconf 85' lang='lat' dir='ltr'>O.</span> <span class='ocrx_word' id='word_1_128' title='bbox 743 1835 889 1900; x_wconf 87' lang='lat' dir='ltr'>Fannius</span> <span class='ocrx_word' id='word_1_129' title='bbox 904 1842 938 1900; x_wconf 91' lang='lat' dir='ltr'>et</span> <span class='ocrx_word' id='word_1_130' title='bbox 963 1811 1049 1900; x_wconf 61' lang='lat' dir='ltr'>dloltb</span> <span class='ocrx_word' id='word_1_131' title='bbox 1062 1811 1097 1900; x_wconf 59' lang='lat' dir='ltr'>ll</span> <span class='ocrx_word' id='word_1_132' title='bbox 1113 1810 1184 1901; x_wconf 50' lang='lat' dir='ltr'>Lael-</span> 
     </span>
     <span class='ocr_line' id='line_1_17' title="bbox 156 1911 1019 2022; baseline -0.006 -20"><span class='ocrx_word' id='word_1_133' title='bbox 156 1937 198 2014; x_wconf 76' lang='lat' dir='ltr'>Q.</span> <span class='ocrx_word' id='word_1_134' title='bbox 215 1937 347 2002; x_wconf 88' lang='lat' dir='ltr'>Mucius</span> <span class='ocrx_word' id='word_1_135' title='bbox 369 1938 410 2002; x_wconf 90' lang='lat' dir='ltr'>ad</span> <span class='ocrx_word' id='word_1_136' title='bbox 433 1959 581 2002; x_wconf 89' lang='lat' dir='ltr'>socerum</span> <span class='ocrx_word' id='word_1_137' title='bbox 598 1937 739 2001; x_wconf 85' lang='lat' dir='ltr'>veniunt</span> <span class='ocrx_word' id='word_1_138' title='bbox 760 1943 834 2022; x_wconf 91' lang='lat' dir='ltr'>post</span> <span class='ocrx_word' id='word_1_139' title='bbox 856 1957 939 2001; x_wconf 91' lang='lat' dir='ltr'>mor·</span> <span class='ocrx_word' id='word_1_140' title='bbox 963 1911 1019 1957; x_wconf 64' lang='lat'>¹¹³³·</span> 
     </span>
     <span class='ocr_line' id='line_1_18' title="bbox 156 2036 1174 2122; baseline 0 -20"><span class='ocrx_word' id='word_1_141' title='bbox 156 2047 225 2102; x_wconf 88' lang='lat' dir='ltr'>tem</span> <span class='ocrx_word' id='word_1_142' title='bbox 248 2037 421 2120; x_wconf 85' lang='lat' dir='ltr'>Africani3</span> <span class='ocrx_word' id='word_1_143' title='bbox 443 2039 485 2103; x_wconf 85' lang='lat' dir='ltr'>ab</span> <span class='ocrx_word' id='word_1_144' title='bbox 507 2037 558 2102; x_wconf 93' lang='lat' dir='ltr'>his</span> <span class='ocrx_word' id='word_1_145' title='bbox 580 2059 687 2102; x_wconf 89' lang='lat' dir='ltr'>sermo</span> <span class='ocrx_word' id='word_1_146' title='bbox 708 2037 822 2120; x_wconf 89' lang='lat' dir='ltr'>oritur,</span> <span class='ocrx_word' id='word_1_147' title='bbox 838 2037 1014 2122; x_wconf 89' lang='lat' dir='ltr'>respondet</span> <span class='ocrx_word' id='word_1_148' title='bbox 1036 2036 1174 2120; x_wconf 86' lang='lat' dir='ltr'>Laelius,</span> 
     </span>
     <span class='ocr_line' id='line_1_19' title="bbox 156 2138 1175 2226; baseline 0 -22"><span class='ocrx_word' id='word_1_149' title='bbox 156 2139 251 2204; x_wconf 90' lang='lat' dir='ltr'>ouius</span> <span class='ocrx_word' id='word_1_150' title='bbox 266 2147 335 2204; x_wconf 88' lang='lat' dir='ltr'>tota</span> <span class='ocrx_word' id='word_1_151' title='bbox 350 2139 528 2225; x_wconf 88' lang='lat' dir='ltr'>disputatio</span> <span class='ocrx_word' id='word_1_152' title='bbox 540 2147 588 2205; x_wconf 87' lang='lat' dir='ltr'>est</span> <span class='ocrx_word' id='word_1_153' title='bbox 604 2140 645 2204; x_wconf 91' lang='lat' dir='ltr'>de</span> <span class='ocrx_word' id='word_1_154' title='bbox 657 2138 808 2222; x_wconf 88' lang='lat' dir='ltr'>amicitia,</span> <span class='ocrx_word' id='word_1_155' title='bbox 820 2160 918 2226; x_wconf 85' lang='lat' dir='ltr'>quam</span> <span class='ocrx_word' id='word_1_156' title='bbox 933 2139 1045 2226; x_wconf 86' lang='lat' dir='ltr'>legens</span> <span class='ocrx_word' id='word_1_157' title='bbox 1059 2148 1093 2204; x_wconf 92' lang='lat' dir='ltr'>te</span> <span class='ocrx_word' id='word_1_158' title='bbox 1107 2140 1175 2225; x_wconf 86' lang='lat' dir='ltr'>ipse</span> 
     </span>
     <span class='ocr_line' id='line_1_20' title="bbox 156 2245 1221 2328; baseline 0.001 -22"><span class='ocrx_word' id='word_1_159' title='bbox 156 2262 340 2328; x_wconf 83' lang='lat' dir='ltr'>cognosces.</span> <span class='ocrx_word' id='word_1_160' title='bbox 1201 2245 1221 2282; x_wconf 51' lang='grc' dir='ltr'><em>Α</em></span> 
     </span>
     <span class='ocr_line' id='line_1_21' title="bbox 222 2341 1203 2448; baseline 0.002 -40"><span class='ocrx_word' id='word_1_161' title='bbox 222 2342 268 2410; x_wconf 91' lang='grc' dir='ltr'>Π.</span> <span class='ocrx_word' id='word_1_162' title='bbox 290 2341 460 2410; x_wconf 78' lang='lat' dir='ltr'>Fannius.</span> <span class='ocrx_word' id='word_1_163' title='bbox 511 2343 597 2409; x_wconf 85' lang='lat' dir='ltr'>Sunt</span> <span class='ocrx_word' id='word_1_164' title='bbox 628 2344 699 2428; x_wconf 85' lang='lat' dir='ltr'>ista,</span> <span class='ocrx_word' id='word_1_165' title='bbox 730 2343 842 2427; x_wconf 85' lang='lat' dir='ltr'>Laeli3</span> <span class='ocrx_word' id='word_1_166' title='bbox 874 2366 935 2410; x_wconf 90' lang='lat' dir='ltr'>nec</span> <span class='ocrx_word' id='word_1_167' title='bbox 978 2342 1115 2448; x_wconf 53' lang='grc' dir='ltr'>,Πξῠζῡῑξὲ</span> <span class='ocrx_word' id='word_1_168' title='bbox 1132 2342 1203 2446; x_wconf 48' lang='lat'>3536</span> 
     </span>
     <span class='ocr_line' id='line_1_22' title="bbox 156 2415 1174 2538; baseline -0.01 -26"><span class='ocrx_word' id='word_1_169' title='bbox 156 2446 246 2512; x_wconf 87' lang='lat' dir='ltr'>enim</span> <span class='ocrx_word' id='word_1_170' title='bbox 269 2446 387 2512; x_wconf 91' lang='lat' dir='ltr'>melior</span> <span class='ocrx_word' id='word_1_171' title='bbox 410 2446 462 2510; x_wconf 86' lang='lat' dir='ltr'>vir</span> <span class='ocrx_word' id='word_1_172' title='bbox 486 2445 554 2511; x_wconf 86' lang='lat' dir='ltr'>fnit</span> <span class='ocrx_word' id='word_1_173' title='bbox 577 2445 739 2512; x_wconf 82' lang='lat' dir='ltr'>Africano</span> <span class='ocrx_word' id='word_1_174' title='bbox 762 2448 936 2533; x_wconf 86' lang='lat' dir='ltr'>quisquam</span> <span class='ocrx_word' id='word_1_175' title='bbox 960 2415 1014 2505; x_wconf 54' lang='lat' dir='ltr'>dat</span> <span class='ocrx_word' id='word_1_176' title='bbox 1033 2415 1174 2538; x_wconf 62' lang='lat' dir='ltr'>Lleualr}</span> 
     </span>
     <span class='ocr_line' id='line_1_23' title="bbox 156 2517 1158 2614; baseline 0.004 -4"><span class='ocrx_word' id='word_1_177' title='bbox 156 2569 218 2613; x_wconf 90' lang='lat' dir='ltr'>neo</span> <span class='ocrx_word' id='word_1_178' title='bbox 232 2547 367 2614; x_wconf 86' lang='lat' dir='ltr'>clarior:</span> <span class='ocrx_word' id='word_1_179' title='bbox 390 2549 447 2614; x_wconf 91' lang='lat' dir='ltr'>sed</span> <span class='ocrx_word' id='word_1_180' title='bbox 463 2549 649 2614; x_wconf 87' lang='lat' dir='ltr'>existimare</span> <span class='ocrx_word' id='word_1_181' title='bbox 665 2550 763 2614; x_wconf 87' lang='lat' dir='ltr'>debes</span> <span class='ocrx_word' id='word_1_182' title='bbox 785 2549 935 2614; x_wconf 91' lang='lat' dir='ltr'>omnium</span> <span class='ocrx_word' id='word_1_183' title='bbox 961 2517 1081 2562; x_wconf 73' lang='lat' dir='ltr'>esaamad</span> <span class='ocrx_word' id='word_1_184' title='bbox 1092 2531 1158 2576; x_wconf 74' lang='lat' dir='ltr'>aas,</span> 
     </span>
     <span class='ocr_line' id='line_1_24' title="bbox 156 2648 1174 2736; baseline -0.001 -22"><span class='ocrx_word' id='word_1_185' title='bbox 156 2648 267 2714; x_wconf 90' lang='lat' dir='ltr'>oculos</span> <span class='ocrx_word' id='word_1_186' title='bbox 280 2649 317 2714; x_wconf 91' lang='lat' dir='ltr'>in</span> <span class='ocrx_word' id='word_1_187' title='bbox 338 2658 372 2715; x_wconf 90' lang='lat' dir='ltr'>te</span> <span class='ocrx_word' id='word_1_188' title='bbox 393 2673 462 2716; x_wconf 88' lang='lat' dir='ltr'>esse</span> <span class='ocrx_word' id='word_1_189' title='bbox 477 2651 641 2717; x_wconf 90' lang='lat' dir='ltr'>coniectos</span> <span class='ocrx_word' id='word_1_190' title='bbox 663 2673 768 2715; x_wconf 90' lang='lat' dir='ltr'>unum</span> <span class='ocrx_word' id='word_1_191' title='bbox 779 2673 788 2733; x_wconf 84' lang='lat'>3</span> <span class='ocrx_word' id='word_1_192' title='bbox 810 2659 843 2716; x_wconf 91' lang='lat' dir='ltr'>te</span> <span class='ocrx_word' id='word_1_193' title='bbox 866 2650 1045 2736; x_wconf 87' lang='lat' dir='ltr'>sapientem</span> <span class='ocrx_word' id='word_1_194' title='bbox 1066 2659 1099 2714; x_wconf 88' lang='lat' dir='ltr'>et</span> <span class='ocrx_word' id='word_1_195' title='bbox 1122 2673 1174 2735; x_wconf 87' lang='lat' dir='ltr'>ap-</span> 
     </span>
     <span class='ocr_line' id='line_1_25' title="bbox 156 2750 1173 2837; baseline 0 -22"><span class='ocrx_word' id='word_1_196' title='bbox 156 2751 280 2837; x_wconf 85' lang='lat' dir='ltr'>pellant</span> <span class='ocrx_word' id='word_1_197' title='bbox 294 2759 328 2816; x_wconf 90' lang='lat' dir='ltr'>et</span> <span class='ocrx_word' id='word_1_198' title='bbox 342 2753 540 2818; x_wconf 87' lang='lat' dir='ltr'>existimant.</span> <span class='ocrx_word' id='word_1_199' title='bbox 577 2753 785 2819; x_wconf 85' lang='lat' dir='ltr'>tribuebatur</span> <span class='ocrx_word' id='word_1_200' title='bbox 798 2751 861 2817; x_wconf 92' lang='lat' dir='ltr'>hoc</span> <span class='ocrx_word' id='word_1_201' title='bbox 876 2752 974 2817; x_wconf 92' lang='lat' dir='ltr'>modo</span> <span class='ocrx_word' id='word_1_202' title='bbox 985 2750 1033 2816; x_wconf 87' lang='lat' dir='ltr'>M.</span> <span class='ocrx_word' id='word_1_203' title='bbox 1046 2750 1173 2835; x_wconf 84' lang='lat' dir='ltr'>Catoni,</span> 
     </span>
     <span class='ocr_line' id='line_1_26' title="bbox 156 2852 1174 2942; baseline 0.001 -24"><span class='ocrx_word' id='word_1_204' title='bbox 156 2854 276 2918; x_wconf 90' lang='lat' dir='ltr'>scimus</span> <span class='ocrx_word' id='word_1_205' title='bbox 291 2852 327 2921; x_wconf 87' lang='lat' dir='ltr'>L.</span> <span class='ocrx_word' id='word_1_206' title='bbox 345 2853 492 2919; x_wconf 90' lang='lat' dir='ltr'>Acilium</span> <span class='ocrx_word' id='word_1_207' title='bbox 507 2855 595 2942; x_wconf 83' lang='lat' dir='ltr'>apud</span> <span class='ocrx_word' id='word_1_208' title='bbox 616 2869 725 2940; x_wconf 88' lang='lat' dir='ltr'>patres</span> <span class='ocrx_word' id='word_1_209' title='bbox 738 2861 867 2920; x_wconf 89' lang='lat' dir='ltr'>nostros</span> <span class='ocrx_word' id='word_1_210' title='bbox 882 2852 1081 2940; x_wconf 89' lang='lat' dir='ltr'>appellatum</span> <span class='ocrx_word' id='word_1_211' title='bbox 1105 2875 1174 2919; x_wconf 87' lang='lat' dir='ltr'>esse</span> 
     </span>
     <span class='ocr_line' id='line_1_27' title="bbox 156 2955 1173 3042; baseline 0.002 -22"><span class='ocrx_word' id='word_1_212' title='bbox 156 2956 346 3041; x_wconf 87' lang='lat' dir='ltr'>sapientem,</span> <span class='ocrx_word' id='word_1_213' title='bbox 372 2957 430 3021; x_wconf 91' lang='lat' dir='ltr'>sed</span> <span class='ocrx_word' id='word_1_214' title='bbox 459 2964 596 3042; x_wconf 87' lang='lat' dir='ltr'>uterquc</span> <span class='ocrx_word' id='word_1_215' title='bbox 622 2957 685 3022; x_wconf 91' lang='lat' dir='ltr'>alio</span> <span class='ocrx_word' id='word_1_216' title='bbox 710 2957 852 3042; x_wconf 89' lang='lat' dir='ltr'>quodam</span> <span class='ocrx_word' id='word_1_217' title='bbox 881 2956 1001 3021; x_wconf 88' lang='lat' dir='ltr'>modo:</span> <span class='ocrx_word' id='word_1_218' title='bbox 1032 2955 1173 3038; x_wconf 88' lang='lat' dir='ltr'>Acilius,</span> 
     </span>
     <span class='ocr_line' id='line_1_28' title="bbox 157 3057 1174 3145; baseline 0.002 -23"><span class='ocrx_word' id='word_1_219' title='bbox 157 3057 234 3143; x_wconf 87' lang='lat' dir='ltr'>quia</span> <span class='ocrx_word' id='word_1_220' title='bbox 255 3060 400 3143; x_wconf 88' lang='lat' dir='ltr'>prudens</span> <span class='ocrx_word' id='word_1_221' title='bbox 422 3081 490 3124; x_wconf 87' lang='lat' dir='ltr'>esse</span> <span class='ocrx_word' id='word_1_222' title='bbox 512 3060 547 3122; x_wconf 89' lang='lat' dir='ltr'>in</span> <span class='ocrx_word' id='word_1_223' title='bbox 569 3059 641 3122; x_wconf 91' lang='lat' dir='ltr'>iure</span> <span class='ocrx_word' id='word_1_224' title='bbox 664 3059 754 3124; x_wconf 89' lang='lat' dir='ltr'>civili</span> <span class='ocrx_word' id='word_1_225' title='bbox 776 3060 962 3144; x_wconf 87' lang='lat' dir='ltr'>putabatur,</span> <span class='ocrx_word' id='word_1_226' title='bbox 987 3058 1077 3142; x_wconf 87' lang='lat' dir='ltr'>(lato,</span> <span class='ocrx_word' id='word_1_227' title='bbox 1097 3059 1174 3145; x_wconf 84' lang='lat' dir='ltr'>quia</span> 
     </span>
     <span class='ocr_line' id='line_1_29' title="bbox 157 3160 1175 3226; baseline 0.001 -4"><span class='ocrx_word' id='word_1_228' title='bbox 157 3160 334 3224; x_wconf 87' lang='lat' dir='ltr'>multarum</span> <span class='ocrx_word' id='word_1_229' title='bbox 345 3182 455 3226; x_wconf 87' lang='lat' dir='ltr'>rerum</span> <span class='ocrx_word' id='word_1_230' title='bbox 470 3181 565 3225; x_wconf 91' lang='lat' dir='ltr'>usum</span> <span class='ocrx_word' id='word_1_231' title='bbox 582 3160 723 3226; x_wconf 89' lang='lat' dir='ltr'>habebat</span> <span class='ocrx_word' id='word_1_232' title='bbox 738 3168 772 3226; x_wconf 88' lang='lat' dir='ltr'>et</span> <span class='ocrx_word' id='word_1_233' title='bbox 784 3161 888 3226; x_wconf 88' lang='lat' dir='ltr'>multa</span> <span class='ocrx_word' id='word_1_234' title='bbox 902 3162 971 3226; x_wconf 87' lang='lat' dir='ltr'>eins</span> <span class='ocrx_word' id='word_1_235' title='bbox 987 3169 1020 3226; x_wconf 89' lang='lat' dir='ltr'>et</span> <span class='ocrx_word' id='word_1_236' title='bbox 1035 3161 1069 3224; x_wconf 94' lang='lat' dir='ltr'>in</span> <span class='ocrx_word' id='word_1_237' title='bbox 1085 3182 1175 3226; x_wconf 87' lang='lat' dir='ltr'>sena-</span> 
     </span>
     <span class='ocr_line' id='line_1_30' title="bbox 157 3261 1174 3349; baseline 0 -24"><span class='ocrx_word' id='word_1_238' title='bbox 157 3269 195 3325; x_wconf 87' lang='lat' dir='ltr'>tu</span> <span class='ocrx_word' id='word_1_239' title='bbox 217 3268 251 3326; x_wconf 86' lang='lat' dir='ltr'>et</span> <span class='ocrx_word' id='word_1_240' title='bbox 264 3261 298 3324; x_wconf 93' lang='lat' dir='ltr'>in</span> <span class='ocrx_word' id='word_1_241' title='bbox 313 3261 388 3327; x_wconf 86' lang='lat' dir='ltr'>foro</span> <span class='ocrx_word' id='word_1_242' title='bbox 405 3262 459 3327; x_wconf 91' lang='lat' dir='ltr'>vel</span> <span class='ocrx_word' id='word_1_243' title='bbox 480 3262 610 3349; x_wconf 88' lang='lat' dir='ltr'>provisa</span> <span class='ocrx_word' id='word_1_244' title='bbox 629 3263 809 3347; x_wconf 91' lang='lat' dir='ltr'>prudenter</span> <span class='ocrx_word' id='word_1_245' title='bbox 822 3263 876 3328; x_wconf 86' lang='lat' dir='ltr'>vel</span> <span class='ocrx_word' id='word_1_246' title='bbox 898 3271 968 3328; x_wconf 87' lang='lat' dir='ltr'>acta</span> <span class='ocrx_word' id='word_1_247' title='bbox 989 3270 1174 3328; x_wconf 86' lang='lat' dir='ltr'>constanter</span> 
     </span>
     <span class='ocr_line' id='line_1_31' title="bbox 157 3362 1174 3451; baseline 0.003 -25"><span class='ocrx_word' id='word_1_248' title='bbox 157 3362 211 3427; x_wconf 89' lang='lat' dir='ltr'>vel</span> <span class='ocrx_word' id='word_1_249' title='bbox 229 3385 382 3448; x_wconf 89' lang='lat' dir='ltr'>responsa</span> <span class='ocrx_word' id='word_1_250' title='bbox 403 3371 497 3429; x_wconf 86' lang='lat' dir='ltr'>acute</span> <span class='ocrx_word' id='word_1_251' title='bbox 523 3365 725 3447; x_wconf 87' lang='lat' dir='ltr'>ferebantur,</span> <span class='ocrx_word' id='word_1_252' title='bbox 747 3372 921 3451; x_wconf 87' lang='lat' dir='ltr'>propterea</span> <span class='ocrx_word' id='word_1_253' title='bbox 942 3364 1035 3451; x_wconf 90' lang='lat' dir='ltr'>quasi</span> <span class='ocrx_word' id='word_1_254' title='bbox 1057 3383 1174 3451; x_wconf 78' lang='lat' dir='ltr'>cogno</span> 
     </span>
     <span class='ocr_line' id='line_1_32' title="bbox 155 3465 1203 3551; baseline 0 -22"><span class='ocrx_word' id='word_1_255' title='bbox 155 3487 232 3530; x_wconf 88' lang='lat' dir='ltr'>men</span> <span class='ocrx_word' id='word_1_256' title='bbox 249 3466 315 3529; x_wconf 85' lang='lat' dir='ltr'>iam</span> <span class='ocrx_word' id='word_1_257' title='bbox 330 3465 471 3531; x_wconf 88' lang='lat' dir='ltr'>habebat</span> <span class='ocrx_word' id='word_1_258' title='bbox 486 3466 521 3530; x_wconf 93' lang='lat' dir='ltr'>in</span> <span class='ocrx_word' id='word_1_259' title='bbox 543 3472 711 3531; x_wconf 85' lang='lat' dir='ltr'>senectute</span> <span class='ocrx_word' id='word_1_260' title='bbox 726 3466 890 3551; x_wconf 87' lang='lat' dir='ltr'>sapientis.</span> <span class='ocrx_word' id='word_1_261' title='bbox 934 3472 968 3530; x_wconf 88' lang='lat' dir='ltr'>te</span> <span class='ocrx_word' id='word_1_262' title='bbox 984 3473 1094 3531; x_wconf 86' lang='lat' dir='ltr'>autem</span> <span class='ocrx_word' id='word_1_263' title='bbox 1110 3465 1203 3535; x_wconf 61' lang='lat' dir='ltr'>alio?</span> 
     </span>
    </p>
   </div>
   <div class='ocr_carea' id='block_1_3' title="bbox 156 3566 1170 3653">
    <p class='ocr_par' dir='ltr' id='par_1_3' title="bbox 156 3566 1170 3653">
     <span class='ocr_line' id='line_1_33' title="bbox 156 3566 1170 3653; baseline -0.003 -22"><span class='ocrx_word' id='word_1_264' title='bbox 156 3567 299 3653; x_wconf 85' lang='lat' dir='ltr'>quodam</span> <span class='ocrx_word' id='word_1_265' title='bbox 325 3568 425 3633; x_wconf 93' lang='lat' dir='ltr'>modo</span> <span class='ocrx_word' id='word_1_266' title='bbox 450 3589 518 3633; x_wconf 90' lang='lat' dir='ltr'>non</span> <span class='ocrx_word' id='word_1_267' title='bbox 545 3567 649 3632; x_wconf 90' lang='lat' dir='ltr'>solum</span> <span class='ocrx_word' id='word_1_268' title='bbox 676 3574 792 3631; x_wconf 87' lang='lat' dir='ltr'>natura</span> <span class='ocrx_word' id='word_1_269' title='bbox 818 3575 851 3631; x_wconf 91' lang='lat' dir='ltr'>et</span> <span class='ocrx_word' id='word_1_270' title='bbox 878 3566 1034 3644; x_wconf 89' lang='lat' dir='ltr'>moribus,</span> <span class='ocrx_word' id='word_1_271' title='bbox 1056 3587 1170 3630; x_wconf 88' lang='lat' dir='ltr'>verum</span> 
     </span>
    </p>
   </div>
   <div class='ocr_carea' id='block_1_4' title="bbox 0 0 1384 3928">
    <p class='ocr_par' dir='ltr' id='par_1_4' title="bbox 0 0 1384 3928">
     <span class='ocr_line' id='line_1_34' title="bbox 0 0 1384 3928; baseline 0 0"><span class='ocrx_word' id='word_1_272' title='bbox 0 0 1384 3928; x_wconf 95' lang='lat' dir='ltr'> </span> 
     </span>
    </p>
   </div>
  </div>
 </body>
</html>
