2752 3928
125 225 128 230 ’
212 223 254 284 52
517 216 554 271 Μ.
579 215 702 270 TULLII
728 212 928 270 CICERONIS

211 388 423 494 „dliii-{¹333
450 384 1023 476 saepeenimexeellentiaequaedam
1032 383 1232 470 sunt,qualis

212 507 241 552 sn
255 505 381 564 position
393 517 423 550 or
450 498 518 556 erat
531 489 691 576 Scipionis
704 489 740 552 in
750 494 869 568 nostro,
882 495 919 550 ut
930 487 975 552 ita
986 487 1100 569 dieam,
1111 506 1231 574 grege:

211 564 314 610 fortune.
449 615 627 684 numquam
642 592 745 658 seille
765 591 871 673 Philo,
887 611 1065 676 numquam
1083 588 1231 674 Rupilio,

212 717 390 782 numquam
406 694 569 760 Mummio
591 694 782 781 anteposuit,
798 713 977 779 numquam
998 690 1162 756 inferioris
1183 713 1234 755 or-

213 799 299 864 dinis
320 799 451 880 arnieis;
475 798 636 876 Quintum
651 819 728 863 vero
743 796 926 862 Maximum
948 794 1092 877 fratrem,
1109 795 1233 882 egregi-

213 924 271 966 um
285 901 394 966 virum
409 902 550 982 omnino,
563 900 626 966 sibi
639 921 841 986 nequaqnam
857 919 978 984 parem,
991 898 1078 983 quod
1092 898 1119 962 is
1134 898 1233 962 antei-

213 1005 269 1070 bat
282 1010 394 1085 aetate,
409 1010 576 1090 tamquam
597 1002 797 1088 superiorem
819 1000 1102 1085 colebat‘suosque
1124 1000 1230 1064 omnis

165 1105 205 1174 70
215 1128 273 1192 per
287 1127 321 1170 se
336 1127 403 1170 esse
417 1106 590 1191 ampliores
604 1105 742 1170 volebat.
787 1104 875 1190 quod
897 1102 1084 1168 faciendum
1106 1101 1231 1166 imitan-

215 1208 358 1294 dumque
373 1216 421 1273 est
442 1208 601 1289 omnibus,
616 1215 663 1291 ut,
680 1207 707 1271 si
729 1228 826 1293 quam
847 1204 1075 1292 praestantiam
1089 1204 1230 1286 virtutis,

214 1311 347 1397 ingenii,
363 1310 515 1376 fortunae
529 1310 692 1375 consecuti
714 1310 787 1391 sint,
803 1307 991 1395 impertiant
1006 1328 1043 1370 ea
1065 1306 1130 1372 suis
1145 1327 1230 1371 eorn-

215 1412 446 1497 munieentque
468 1433 543 1476 eum
564 1412 743 1497 proximis3
764 1418 811 1493 ut,
827 1411 854 1475 si
876 1409 1064 1496 parantibus
1077 1409 1144 1474 nati
1166 1408 1233 1473 sint

215 1512 402 1595 humilibus,
418 1513 445 1577 si
459 1512 658 1599 propinquos
672 1512 812 1578 habeant
826 1511 1041 1578 inbecilliores
1057 1511 1109 1575 vel
1124 1511 1232 1576 animo

215 1616 267 1680 vel
289 1614 429 1698 fortuna,
453 1637 564 1680 eorum
587 1623 724 1703 augeant
746 1637 823 1702 opes
845 1616 955 1701 eisque
977 1614 1091 1680 honori
1107 1614 1171 1678 sint
1193 1621 1227 1678 et

216 1717 365 1804 dignitati
383 1739 391 1796 ;
412 1716 498 1782 utin
513 1715 644 1795 fabulis
661 1717 717 1803 qui
739 1716 938 1804 aliquamdiu
953 1724 1088 1802 propter
1108 1716 1233 1804 ignora·

215 1819 337 1884 tionem
351 1819 460 1905 stirpis
474 1827 507 1884 et
525 1819 652 1906 generis
672 1818 708 1882 in
729 1819 889 1884 famulatu
910 1818 1055 1901 fuerunt,
1071 1835 1146 1883 enm
1161 1840 1234 1905 eog-

216 1921 276 1986 niti
291 1929 366 1986 sunt
381 1929 414 1986 et
429 1928 484 1985 aut
499 1921 634 1986 deorum
649 1928 705 1985 aut
726 1942 841 2008 regum
859 1919 920 1984 filii
941 1920 1076 2002 inventi,
1092 1919 1234 1984 retinent

215 2031 324 2088 tamen
341 2023 507 2088 caritatem
528 2023 563 2086 in
585 2030 737 2108 pastores,
751 2022 841 2108 'quos
861 2030 970 2108 patres
991 2022 1112 2086 multos
1133 2043 1233 2086 annos
1284 2021 1286 2024 ’

216 2146 283 2189 esse
299 2125 478 2190 duxerunt:
501 2125 588 2210 quod
611 2132 659 2189 est
680 2124 784 2189 multo
805 2122 954 2210 proiecto
974 2124 1078 2210 magis
1098 2123 1132 2186 in
1148 2123 1233 2188 veris

216 2228 361 2314 patribus
384 2227 543 2313 certisque
564 2225 769 2309 faciendum3
794 2225 923 2292 fruetus
945 2226 1032 2291 enim
1054 2226 1178 2312 ingenii
1199 2232 1233 2290 et

217 2329 346 2394 virtutis
355 2329 523 2414 omnisque
534 2329 747 2414 praestantiae
757 2336 829 2393 tum
839 2329 1000 2394 maximus
1011 2328 1145 2415 eapitur,
1158 2349 1234 2392 oum

216 2433 252 2495 in
266 2432 453 2518 proximum
468 2451 629 2517 quemque
644 2430 821 2497 confertur.

168 2537 207 2603 71
282 2533 362 2600 XX.
385 2533 434 2599 Ut
449 2533 552 2620 igitur
565 2533 597 2617 ii,
614 2534 761 2620 quisunt
783 2535 818 2598 in
833 2534 992 2600 amicitiae
1014 2533 1233 2599 coniunction-

216 2637 308 2723 isque
328 2635 564 2702 necessitudine
586 2637 776 2722 superiores,
799 2658 976 2723 exaequare
998 2658 1032 2702 se
1054 2658 1129 2701 eum
1150 2633 1233 2698 inie

216 2739 355 2805 rioribus
374 2739 503 2822 debent,
520 2738 565 2804 sie
586 2738 757 2804 inferiores
778 2761 844 2804 non
867 2738 976 2804 dolere
997 2760 1030 2803 se
1052 2761 1070 2804 a
1091 2719 1156 2803 suis
1178 2744 1234 2802 aut

216 2841 348 2926 ingenio
362 2847 418 2904 aut
432 2839 564 2905 fortuna
579 2849 634 2905 aut
654 2841 812 2928 dignitate
827 2841 969 2928 superari
982 2861 991 2924 ;
1014 2862 1152 2927 quorum
1167 2839 1234 2925 ple-

216 2942 309 3028 rique
320 2948 376 3007 aut
387 2949 567 3027 queruntur
578 2963 706 3029 semper
716 2942 837 3029 aliquid
848 2952 903 3008 ant
918 2943 1015 3009 etiam
1027 2941 1232 3028 exprobrant,

217 3066 319 3130 eoque
333 3044 445 3131 magis,
461 3044 488 3108 si
504 3043 623 3110 habere
638 3067 672 3110 se
687 3053 803 3132 putant
818 3046 905 3132 quod
928 3045 1068 3111 officiose
1082 3052 1116 3109 et
1130 3043 1233 3108 amine

217 3154 339 3211 etcum
354 3145 462 3211 labore
477 3145 584 3232 aliquo
599 3167 657 3211 suo
671 3145 796 3212 fastum
808 3155 927 3233 queant
939 3147 1063 3212 dicere:
1086 3145 1235 3212 odiosum

217 3269 292 3312 sane
306 3269 408 3334 genus
423 3246 594 3313 hominum
608 3247 713 3314 offieia
734 3249 1009 3335 exprobrantium,
1026 3271 1108 3335 quae
1122 3247 1235 3312 merni-

216 3350 300 3414 nisse
316 3350 412 3415 debet
427 3349 463 3432 is,
479 3349 515 3412 in
533 3371 630 3436 quern
649 3350 774 3416 conlata
796 3358 880 3433 sunt,
895 3373 962 3416 non
984 3371 1235 3416 commemorare

168 3451 275 3537 'liqui
290 3452 436 3517 eontulit.
482 3474 580 3538 quam
601 3453 643 3518 ob
665 3475 744 3533 rem,
759 3461 797 3517 ut
818 3453 852 3534 ii,
869 3453 926 3538 qui
948 3452 1127 3536 superiores
1148 3461 1233 3531 sunt,

172 3587 175 3594 ·
217 3543 408 3620 submittere
422 3575 456 3618 se
474 3554 594 3620 debent
614 3554 648 3617 in
672 3554 820 3635 amicitia,
837 3554 882 3618 sie
906 3553 1047 3645 quodam
1068 3553 1167 3617 modo
1188 3553 1236 3616 in-
