2752 3928
512 175 679 251 aluums,
704 181 801 236 4111.
1125 183 1167 246 45

144 371 233 418 cesse
259 356 318 417 est.
372 349 453 437 quid
479 349 569 417 enim
593 358 662 416 tam
688 352 865 418 absurdum
890 373 988 439 quam
1012 352 1167 419 delectari
1175 357 1217 422 49

143 453 260 518 multis
285 453 440 522 inanibus
463 453 569 536 rebus,
595 459 634 518 ut
659 451 792 537 honore,
816 461 855 519 ut
880 454 993 541 gloria,
1019 463 1058 520 ut
1084 457 1168 522 aedi·

144 552 232 638 ficio,
262 563 301 619 ut
329 555 452 620 vestitu
482 554 638 641 cultuque
669 555 823 642 corporis,
850 556 1015 622 animante
1043 558 1166 624 virtute

145 657 305 744 praedito,
321 679 360 722 eo
381 657 439 743 qui
459 656 513 722 vel
534 678 642 722 amare
663 657 726 741 vel,
741 665 781 722 111
801 657 848 722 ita
869 658 985 741 dicam,
1000 659 1166 726 redamare

145 759 259 846 possit,
269 780 337 824 uon
352 758 529 824 admodum
541 757 718 825 delectarit
760 759 847 823 nihil
862 767 911 824 est
922 761 1010 824 enim
1021 783 1166 827 remune-

68 938 70 942 Ι
144 861 273 926 ratione
287 860 541 943 benevolentiae,
560 859 646 925 nihil
660 861 887 928 vicissitudine
900 863 1085 927 studiorum
1100 863 1166 929 offi-

145 964 338 1050 ciorumque
361 963 546 1028 iucundius.
591 961 691 1049 quidl
717 963 745 1028 si
771 963 856 1030 illud
881 965 981 1030 etiam
1004 965 1162 1048 addimus,
1174 969 1215 1031 50

145 1067 235 1154 quod
249 1073 337 1131 recte
352 1065 429 1130 addi
446 1071 564 1151 potest,
579 1064 665 1128 nihil
680 1065 851 1152 essequod
866 1065 907 1131 ad
929 1087 963 1131 se
978 1088 1048 1131 rem
1062 1067 1165 1130 ullam

144 1175 215 1233 tam
225 1167 352 1233 inliciat
366 1174 400 1232 et
414 1174 483 1232 tam
493 1166 601 1232 trahat
613 1188 711 1253 quam
722 1168 764 1248 ad
778 1167 956 1232 amicitiam
971 1168 1162 1251 similitudo,

145 1270 343 1335 concedetur
363 1268 514 1356 profecto
529 1291 645 1334 verum
660 1291 736 1352 esse,
751 1275 790 1334 ut
805 1269 908 1335 bonos
930 1269 1009 1335 boni
1024 1269 1164 1357 diligant

145 1372 389 1457 adsciscantque
404 1371 466 1437 sibi
485 1371 576 1457 quasi
598 1370 846 1458 propinquitate
861 1371 1052 1436 coniunctos
1067 1379 1164 1458 atque

144 1482 263 1539 natura
272 1494 281 1557 ;
302 1473 388 1538 nihil
407 1481 457 1538 est
471 1473 561 1538 enim
577 1472 783 1560 adpetentiam
797 1473 955 1538 similium
972 1475 1023 1540 sui
1042 1496 1164 1541 naara

144 1577 258 1663 pacina
284 1597 384 1662 quam
406 1584 532 1641 natura
577 1597 675 1661 quam
701 1575 743 1641 ob
767 1597 839 1640 rem
863 1575 926 1641 hoc
950 1604 1000 1651 aad
1028 1604 1093 1651 anas
1121 1605 1163 1652 aa·

145 1679 287 1766 quidem,
321 1678 428 1743 Fanni
460 1686 494 1744 et
528 1677 690 1761 Scaevola,
721 1685 857 1762 constet,
886 1686 926 1743 ut
949 1663 1167 1781 {igffifflfleiss’s

145 1782 272 1868 opinor,
298 1781 392 1846 bonis
420 1779 508 1846 inter
535 1781 639 1846 bonos
664 1781 755 1866 quasi
783 1802 925 1846 necessa-
943 1777 1012 1832 ,kind
1022 1779 1132 1826 services.

144 1883 229 1948 riam
256 1882 527 1964 benevolentiam,
554 1882 611 1968 qui
638 1889 687 1946 est
712 1882 874 1947 amicitiae
903 1881 978 1946 fons
1004 1903 1023 1946 a
1046 1889 1163 1946 natura

145 1985 352 2050 constitutus.
403 1986 459 2050 sed
485 1984 599 2050 eadem
627 1983 757 2050 bonitas
786 1983 885 2049 etiam
910 1984 952 2048 ad
980 1982 1163 2048 multitudi-

145 2109 224 2151 nem
248 2085 411 2172 pertinet,
439 2087 623 2152 nonenim
649 2093 697 2151 est
722 2085 902 2151 inhumana
927 2085 1032 2150 virtus
1056 2107 1178 2171 neque

145 2187 291 2254 inmunis
307 2211 413 2276 neque
436 2190 584 2276 superba,
608 2210 691 2274 quae
713 2188 812 2254 etiam
833 2187 972 2274 populos
993 2185 1162 2253 universos

145 2290 231 2356 tueri
245 2292 355 2378 eisque
370 2299 505 2378 optuma
525 2290 693 2356 consulere
715 2289 824 2374 soleat,
841 2290 929 2376 quod
949 2311 1018 2354 non
1039 2288 1162 2355 iaceret

144 2393 303 2480 profecto,
324 2394 352 2458 si
377 2416 396 2459 a
421 2394 554 2460 11111111
582 2393 671 2482 volgi
698 2393 894 2459 abhorreret.
939 2399 1037 2479 atque
1062 2393 1161 2458 etiam
1171 2394 1207 2458 51

145 2495 229 2559 mihi
244 2495 376 2581 quidem
390 2496 555 2579 videntur,
568 2495 626 2582 qui
641 2496 793 2561 utilitatis
803 2517 898 2560 causa
911 2493 1044 2582 fingunt
1055 2495 1163 2560 amici-

144 2597 217 2679 tias,
233 2597 500 2662 amabilissimum
513 2599 638 2664 nodum
661 2596 821 2664 amicitiae
836 2596 968 2679 tollere3
990 2598 1162 2662 nonenim
1217 2627 1238 2660 .⁴

145 2706 215 2764 tam
232 2697 356 2762 utilitas
375 2706 469 2785 parta
491 2721 550 2786 per
573 2701 715 2765 amicum
739 2721 836 2786 quam
859 2697 956 2763 amici
979 2719 1069 2762 amor
1091 2697 1161 2785 ipse

146 2801 294 2884 delectat,
310 2808 446 2889 tumque
460 2802 542 2869 illud
557 2802 605 2886 fit,
622 2803 712 2890 quod
727 2805 767 2869 ab
782 2802 886 2868 amico
901 2808 950 2867 est
963 2799 1160 2888 profectum,

145 2904 335 2986 iucundum,
345 2904 372 2969 si
388 2927 464 2972 cum
475 2907 584 2971 studio
596 2914 645 2972 est
655 2904 852 2992 profectum,
865 2911 1058 2991 tantumque
1072 2905 1162 2970 abest

145 3014 184 3071 ut
198 3007 359 3073 amicitiae
374 3015 510 3094 propter
523 3008 742 3096 indigentiam
757 3008 914 3091 colantur,
927 3015 964 3072 ut
978 3008 1012 3090 ii,
1022 3006 1080 3094 qui
1095 3008 1163 3094 opi-

148 3109 206 3174 bus
221 3116 255 3172 et
269 3109 371 3195 copiis
394 3109 600 3196 maximeque
621 3110 753 3194 virtute,
769 3110 804 3175 in
827 3133 891 3197 qua
912 3109 1091 3196 plurimum
1114 3116 1163 3174 est

146 3211 308 3297 praesidii,
324 3212 462 3277 minima
477 3212 609 3277 alterius
624 3212 785 3300 indigent,
801 3212 1019 3278 liberalissimi
1042 3211 1108 3275 sint
1128 3217 1163 3274 et

145 3310 441 3379 beneficentissimi.
487 3322 584 3401 atque
598 3313 687 3379 haud
709 3314 808 3380 sciam
824 3336 865 3378 au
883 3335 926 3378 ne
941 3335 1023 3399 opus
1038 3313 1080 3376 sit
1095 3311 1163 3397 qui-

147 3415 222 3480 dem
235 3416 320 3481 nihil
334 3439 493 3503 umquam
508 3417 642 3483 omnino
654 3418 763 3482 deesse
774 3416 904 3482 amicis:
926 3415 984 3481 ubi
1000 3415 1088 3480 euim
1100 3421 1164 3478 stu-

147 3516 202 3582 dia
221 3525 332 3583 nostra
353 3517 546 3606 viguissent,
569 3518 597 3584 si
618 3540 798 3605 umnquam
820 3517 965 3599 consilio,
983 3537 1162 3601 numquam
