2752 3928
241 185 282 248 26
542 179 580 236 M.
605 179 728 234 TULLII
752 178 954 234 OIOERONIS

241 352 452 419 discederem.
495 352 607 438 itaque
632 352 736 418 multa
757 353 798 418 ab
820 374 859 418 eo
880 352 1062 438 prudenter
1082 352 1261 440 disputata,
1363 339 1367 419 Ῑ

240 454 345 519 multa
360 455 459 520 etiam
480 454 624 520 breviter
638 462 671 520 et
685 454 855 529 commode
870 455 957 519 dicta
971 454 1147 519 memoriae
1169 477 1261 520 man·
1363 446 1366 465 ¹

241 558 359 623 dabam
384 555 522 642 fierique
543 556 715 622 studebam
736 556 807 620 eius
828 557 1003 641 prudentia
1024 556 1170 639 doctior·;
1192 578 1260 642 quo
1366 641 1367 650 ἵ

240 667 370 725 mortuo
379 681 433 724 me
445 659 487 723 ad
496 657 686 744 pontificem
699 658 887 723 Scaevolam
900 658 1035 740 contuli,
1045 680 1143 744 quem
1153 681 1260 724 unum
1365 671 1367 748 J

241 769 369 826 nostrae
391 761 533 827 civitatis
548 769 581 826 et
595 761 729 848 ingenio
743 768 777 824 et
798 760 924 824 iustitia
945 761 1260 845 praestantissimum

242 864 345 928 audeo
356 862 484 944 dicere3
506 861 563 926 sed
577 862 619 926 de
634 861 697 926 hoc
711 860 799 943 alias,
810 871 898 927 nunc
914 862 1012 926 redeo
1028 863 1070 926 ad
1085 883 1259 949 augurem.

214 971 320 1032 acum
348 985 443 1050 saepe
465 962 579 1044 multa,
601 971 672 1028 tum
703 964 839 1028 memini
868 964 959 1028 domi
994 963 1030 1027 in
1062 963 1261 1051 hemicyclio

243 1067 419 1149 sedentem,
439 1074 478 1131 ut
500 1065 633 1149 solebat,
655 1088 730 1130 cum
750 1077 783 1131 et
806 1088 868 1153 ego
892 1087 995 1130 essem
1020 1088 1084 1130 nna
1106 1074 1140 1131 et
1162 1068 1261 1152 pauci

242 1170 417 1234 admodum
434 1167 620 1252 familiares,
636 1169 672 1232 in
693 1190 769 1233 eum
785 1189 968 1232 sermonem
989 1167 1085 1232 illum
1104 1168 1261 1251 incidere,

243 1273 301 1360 qui
312 1281 381 1337 tum
391 1271 463 1337 iere
475 1271 586 1336 multis
594 1281 662 1336 erat
676 1271 712 1334 iu
721 1292 794 1336 ore:
810 1271 986 1336 meministi
996 1271 1085 1335 enim
1096 1270 1261 1357 profecto,

242 1374 366 1455 Attice,
382 1381 415 1438 et
437 1395 476 1439 eo
497 1374 610 1459 magis,
626 1373 714 1459 qnod
731 1372 772 1438 P.
790 1372 935 1459 Sulpicio
951 1373 1086 1438 utebare
1105 1373 1261 1456 multum,

242 1497 318 1541 cnm
333 1477 360 1540 is
374 1476 524 1540 tribunus
538 1473 583 1560 pl.
600 1475 730 1561 capitali
745 1474 821 1541 odio
836 1498 854 1539 a
869 1474 910 1552 Q.
927 1475 1098 1562 Pompeio,
1114 1477 1172 1561 qui
1187 1483 1263 1541 tum

243 1584 312 1643 erat
327 1575 449 1658 consul,
465 1577 645 1660 dissideret,
660 1578 1083 1662 quocum‘coniunctissime
1101 1587 1133 1642 et
1151 1599 1263 1642 aman-

243 1681 366 1745 tissime
382 1680 518 1762 vixerat,
530 1687 652 1765 quanta
666 1687 751 1746 esset
766 1680 939 1744 hominum
951 1681 1004 1745 vel
1019 1681 1191 1746 admiratio
1207 1681 1264 1746 vel

215 1781 396 1868 3querella.
440 1782 551 1867 itaque
568 1791 638 1846 turn
651 1781 813 1862 Scaevola,
823 1802 900 1844 curn
915 1781 951 1845 in
965 1804 1037 1846 eam
1052 1783 1155 1869 ipsam
1171 1805 1265 1848 men·

243 1884 369 1950 tionem
397 1883 573 1967 incidisset,
596 1883 746 1969 exposuit
768 1883 863 1948 nobis
884 1905 1067 1950 sermonem
1089 1885 1192 1952 Laelii
1218 1887 1263 1951 de

245 1987 388 2052 amicitia
402 1985 551 2052 habitum
566 1987 607 2052 ab
622 1984 679 2051 illo
694 2007 804 2050 secum
820 1993 853 2050 et
868 2007 944 2050 cum
959 1987 1061 2054 altero
1075 2011 1207 2076 genero,
1221 1988 1261 2056 O.

246 2087 382 2171 Fannio,
391 2087 495 2154 Marci
511 2088 712 2174 filio,paucis
726 2088 842 2154 diebus
857 2097 930 2174 post
946 2098 1085 2154 mortem
1095 2090 1261 2157 Africani.

245 2193 315 2256 eins
344 2192 572 2277 disputationis
600 2192 775 2258 sententias
797 2193 972 2258 memoriae
995 2194 1157 2275 mandavi,
1181 2215 1264 2279 quas

245 2291 309 2357 hoc
328 2293 413 2360 libro
433 2294 568 2378 exposui
588 2294 746 2358 arbitratu
764 2315 856 2359 mco:
879 2294 971 2380 qnasi
994 2294 1083 2358 enim
1105 2295 1192 2380 ipsos
1214 2295 1264 2358 in-

246 2393 326 2458 duxi
341 2393 504 2479 loquentis
519 2416 561 2460 ne
577 2395 739 2480 “inquam
750 2394 769 2428 ”
781 2403 814 2460 et
832 2399 851 2432 “
862 2396 999 2482 inquit”
1016 2397 1142 2482 saepius
1164 2397 1265 2460 inter-

245 2503 424 2582 poneretur
458 2504 555 2582 atque
584 2504 621 2562 ut
655 2505 821 2584 tamquam
853 2520 872 2562 a
900 2500 1124 2586 praesentibus
1152 2519 1262 2562 coram

216 2610 406 2700 4Thi,‚„,he
419 2654 457 2686 re-
481 2598 594 2664 haberi
616 2621 723 2666 sermo
741 2601 916 2666 videretur.
961 2623 1037 2666 curn
1055 2602 1144 2666 enim
1166 2621 1263 2684 saepe

245 2703 316 2756 ‘1¹¹0ss
326 2697 457 2746 ⁰fAl²³⁰¹¹⁸
482 2723 611 2768 mecum
638 2723 759 2789 ageres,
785 2710 823 2766 nt
853 2702 894 2768 de
919 2704 1062 2769 amicitia
1087 2703 1262 2772 scriberem

246 2755 302 2880 {lid
312 2756 457 2860 dlidifilig
483 2805 618 2890 aliquid,
635 2805 735 2892 digna
749 2805 830 2869 mihi
852 2827 903 2870 res
918 2828 994 2870 cum
1018 2806 1167 2871 omniurn
1189 2825 1263 2890 cog·

245 2877 418 2994 iiipiilffdolf
426 2869 461 2974 il
482 2907 607 2971 nitione
628 2914 700 2971 tum
725 2916 833 2972 nostra
855 2907 1078 2972 familiaritate
1101 2907 1168 2972 visa
1194 2914 1262 2987 est3

245 2997 302 3030 now
311 2998 387 3044 W
481 3009 592 3094 itaque
606 3008 672 3073 feci
693 3031 760 3073 non
776 3010 899 3074 invitus
913 3017 951 3075 ut
972 3011 1159 3096 prodessem
1181 3007 1263 3072 mul-

246 3109 288 3172 tis
300 3117 416 3196 rogatu
430 3117 497 3175 tuo.
534 3109 590 3175 sed
603 3118 640 3174 ut
655 3110 691 3175 in
703 3110 827 3201 Catone
843 3110 978 3192 Maiore,
992 3112 1049 3198 qni
1064 3119 1111 3177 est
1123 3111 1262 3196 scriptus

247 3210 288 3275 ad
303 3219 336 3276 te
351 3212 392 3277 de
407 3220 582 3294 senectute,
600 3212 759 3278 Catonem
773 3213 889 3278 induxi
904 3236 1015 3279 senem
1029 3214 1262 3300 disputantem,

248 3314 324 3398 quia
339 3315 428 3379 nulla
444 3316 616 3382 videbatur
630 3316 738 3402 aptior
759 3338 904 3401 persona,
921 3338 1004 3402 qnae
1024 3316 1065 3381 de
1087 3316 1143 3380 illa
1157 3323 1262 3380 aetate

247 3414 443 3500 loqueretur,
461 3439 558 3502 quarn
575 3419 654 3498 eius,
667 3417 724 3502 qui
740 3425 773 3482 et
788 3417 970 3482 diutissime
985 3440 1084 3482 senex
1098 3417 1215 3482 fuisset
1229 3424 1263 3482 et

248 3517 282 3579 in
305 3517 376 3602 ipsa
390 3527 557 3585 senectute
579 3527 708 3604 praeter
722 3525 846 3584 ceteros
867 3517 1036 3601 floruisset,
1052 3518 1106 3601 sic,
1122 3541 1198 3584 cum
1214 3540 1263 3582 ac·
