2752 3928
216 202 259 266 36
519 195 558 251 Μ.
584 194 707 250 TULLII
730 193 931 250 CICERONIS

165 373 207 437 25
281 366 395 435 Furta.
417 365 491 433 Nos
504 388 582 432 vero
603 389 623 432 a
643 373 676 433 te
697 366 826 453 potius:
849 386 1049 452 quamquam
1068 364 1170 430 etiam
1191 366 1236 432 ab

214 471 285 536 istis
299 491 393 557 saepe
408 469 555 556 quaesivi
570 477 603 536 ot
625 469 737 534 audivi
758 490 826 536 non
848 469 972 533 invitus
994 467 1160 553 equidem,
1175 469 1236 534 sed

215 572 304 638 uliud
319 571 484 657 quoddam
498 570 592 636 filum
609 571 764 637 orationis
778 579 863 636 tuae.

279 672 390 740 Scae.
414 672 501 738 Tum
527 673 633 761 magis
658 673 694 738 id
719 673 853 753 diceres,
874 669 990 752 Fauni,
1015 670 1042 735 si
1067 692 1173 756 nuper
1197 671 1235 735 in

215 778 318 844 hortis
334 776 506 863 Scipionis,
522 797 598 842 cum
620 783 670 840 cst
684 775 726 840 de
746 797 782 839 re
804 772 936 860 publica
950 772 1163 860 disputatum,
1180 773 1236 838 ad·

215 880 350 946 fuisses:
373 879 477 965 qualis
491 885 563 942 tum
579 886 735 962 patronus
748 876 891 940 iustitiae
906 875 973 940 fuit
984 883 1096 942 contra
1108 897 1237 940 accura-

215 989 281 1048 tam
298 981 477 1046 orationem
493 978 602 1044 Phili!

280 1081 393 1148 me.
416 1081 525 1162 Facile
546 1081 584 1146 id
605 1081 741 1168 quidem
770 1079 837 1145 tuit
865 1078 1024 1144 iustitiam
1053 1077 1233 1144 iustissimo

216 1186 288 1252 viro
302 1185 489 1252 defendere.

280 1286 389 1354 Scaea
413 1286 503 1364 Quid
514 1286 715 1351 amicitiaml
759 1283 1245 1370 nonnefacilcei,quiobeam·

217 1412 343 1456 summa
365 1388 442 1470 fide,
461 1389 643 1454 constantia
667 1388 856 1475 iustitiaque
871 1393 1033 1452 servatam
1055 1385 1233 1450 maximam

216 1493 354 1582 gloriam
370 1490 516 1577 ceperitl

167 1601 208 1664 26
261 1620 313 1668 me
326 1619 430 1666 rounda-
519 1590 622 1657 VIII.
644 1590 736 1658 Luci.
759 1591 842 1658 Vim
864 1591 928 1658 hoc
951 1589 1085 1677 quidem
1109 1597 1157 1656 est
1180 1589 1233 1654 ad-

217 1677 430 1797 {ffi'ffi'sfffgldg
456 1693 563 1759 ferre:
588 1679 670 1779 quid
691 1694 782 1758 enim
802 1693 905 1759 refert
935 1715 999 1778 qua
1028 1715 1082 1756 me
1107 1692 1233 1756 ratione

217 1794 402 1854 samosatae,
456 1797 599 1884 cogatisl
622 1797 738 1882 cogitis
760 1803 867 1878 certe3
889 1795 1004 1860 studiis
1026 1794 1120 1876 enim
1137 1815 1235 1880 gene·

217 1920 338 1981 rorum,
353 1899 544 1984 pracsertim
566 1899 601 1962 in
616 1919 651 1964 re
665 1899 762 1979 bona,
777 1920 855 1962 cum
877 1896 1008 1962 difficile
1026 1903 1074 1960 cst
1096 1903 1168 1960 tum
1190 1917 1233 1958 ne

217 2021 358 2086 aequum
380 2001 515 2087 quidem
537 2001 702 2067 obsistere.
755 1999 940 2085 saepissime
961 1998 1065 2084 igitur
1086 1995 1168 2060 mihi
1191 1996 1233 2060 de

218 2101 361 2167 amicitia
382 2103 540 2189 cogitanti
560 2103 704 2167 maxime
726 2101 810 2166 illud
836 2100 1106 2166 considerandum
1127 2097 1233 2162 videri

217 2203 310 2286 solet,
325 2211 435 2268 utrum
452 2213 586 2290 propter
600 2203 858 2268 imbecillitatem
873 2211 971 2290 atque
992 2201 1137 2288 inopiam
1152 2199 1234 2264 desi-

217 2305 328 2370 derata
342 2305 385 2370 sit
393 2306 545 2387 amicitia,
555 2313 592 2370 ut
601 2306 717 2370 dandis
728 2306 988 2392 recipiendisque
997 2303 1131 2384 meritis,
1144 2303 1233 2388 quod

218 2406 355 2493 quisque
375 2407 483 2472 minus
504 2429 564 2494 per
586 2429 620 2472 se
642 2407 711 2492 ipse
732 2414 850 2492 posset,
867 2408 902 2472 id
928 2407 1088 2492 acciperet
1108 2407 1148 2470 ab
1168 2405 1233 2470 alio

217 2508 426 2595 vicissimque
436 2509 598 2592 redderet,
608 2531 648 2574 an
660 2518 747 2590 esset
756 2509 818 2574 hoc
829 2509 961 2595 quidem
976 2508 1143 2594 proprium
1155 2508 1233 2571 ami-

218 2610 324 2693 citiae,
339 2611 393 2676 sed
415 2611 579 2698 antiquior
591 2619 625 2676 et
647 2609 815 2697 pulchrior
829 2618 863 2676 et
877 2611 982 2697 magis
996 2632 1015 2675 a
1029 2617 1144 2674 natura
1163 2608 1234 2694 ipsa

218 2713 367 2800 profecta
384 2714 445 2779 alia
460 2735 572 2780 causa:
595 2735 685 2778 amor
707 2712 805 2795 enim,
821 2734 862 2778 ex
878 2734 944 2799 quo
966 2712 1110 2777 amicitia
1131 2711 1234 2774 nomi-

218 2827 294 2882 nata
308 2832 366 2897 est,
381 2817 532 2903 princeps
547 2816 651 2882 estad
673 2815 936 2881 benevolentiam
951 2813 1211 2902 coniungendam
1224 2834 1233 2895 3

218 2939 295 2982 uam
314 2918 470 2982 utilitates
484 2919 616 3004 quidem
640 2919 738 2984 etiam
760 2921 801 2985 ab
816 2919 856 2984 iis
878 2917 1106 3005 percipiuntur
1126 2937 1232 3002 saepe,

219 3019 276 3105 qui
298 3018 505 3084 simulatione
527 3020 690 3084 amicitiae
707 3019 858 3086 coluntur
876 3028 909 3084 et
927 3020 1140 3084 observantur
1154 3025 1234 3081 tern-

218 3120 306 3206 poris
329 3127 441 3202 c'ausa3
471 3121 506 3184 in
532 3121 674 3185 amicitia
695 3129 806 3186 autem
826 3121 908 3185 nihil
932 3120 1046 3186 fictum
1073 3129 1131 3200 est,
1149 3119 1232 3182 nihil

150 3283 154 3290 .
220 3223 418 3305 simulatum,
435 3230 476 3305 et,
493 3222 650 3309 quicquid
670 3231 729 3305 cst,
744 3223 780 3287 id
802 3230 850 3288 est
869 3246 985 3288 verum
1007 3231 1042 3288 et
1060 3221 1234 3288 voluntari-

169 3322 429 3418 2'7butaperoepu0n
454 3348 523 3392 um.
569 3333 768 3411 quapropter
797 3349 816 3390 a
844 3334 960 3390 natura
988 3325 1071 3390 mihi
1102 3323 1234 3386 videtur

219 3415 431 3532 ffivssffiumffuffid
455 3427 672 3514 potiusquam
688 3430 728 3493 ab
740 3427 922 3513 indigentia
935 3435 1005 3491 orta
1016 3426 1170 3506 amicitia,
1183 3423 1234 3488 ad-

216 3528 264 3582 ,ties
274 3529 301 3574 tn
311 3529 418 3578 another.
456 3529 631 3615 plicatione
649 3531 752 3615 magis
767 3529 868 3592 animi
891 3550 965 3592 cum
981 3529 1122 3614 quodam
1139 3547 1233 3591 sensu
