2752 3928
185 187 228 252 50
486 179 524 235 u
549 176 673 234 1111111
696 175 899 232 nicanoris

184 360 368 443 potestates,
393 373 471 438 opes
496 349 655 416 amicitiae
679 369 746 414 non
768 355 973 434 anteponant,
988 357 1035 432 ut,
1060 371 1135 416 cum
1158 373 1203 417 ex

183 452 284 522 altera
304 461 396 541 parte
418 453 582 540 proposita
598 451 677 516 haec
692 450 767 534 sint,
782 473 824 518 ex
844 451 945 516 altera
961 451 1012 517 ius
1030 453 1199 537 amicitiae,

183 581 251 626 non
264 558 369 622 multo
383 556 441 621 illa
454 555 569 620 malint
581 555 592 620 l
614 553 765 620 inbecilla
779 553 867 618 enim
882 561 930 619 est
943 562 1058 620 natura
1071 556 1111 620 ad
1127 579 1203 622 con·

185 661 392 728 temnendam
406 659 605 746 potentiam3
626 679 725 743 quam
739 657 837 722 etiam
851 657 878 722 si
899 656 1048 744 neglecta
1060 659 1203 726 amicitia

185 764 349 832 consecuti
371 763 443 845 sint,
459 763 665 827 obscuratum
684 759 725 822 iri
740 760 944 842 arbitrantur,
961 761 1116 847 quianon
1130 763 1202 827 sine

136 871 303 954 64magna
322 887 416 930 cansa
433 864 474 928 sit
494 862 642 950 neglecta
663 862 813 928 amicitia
855 863 964 948 itaque
978 885 1072 928 verae
1094 865 1203 930 amici-

185 970 249 1035 tiae
263 966 454 1032 difficillime
467 964 673 1052 reperiuntur
686 964 785 1046 iniis,
798 965 855 1052 qui
865 965 899 1028 in
913 964 1090 1031 honoribus
1101 988 1202 1052 reque

185 1071 316 1158 publica
327 1075 496 1136 versantur
506 1088 514 1132 ε
535 1067 594 1132 ubi
604 1067 692 1132 enim
702 1067 802 1132 istum
812 1067 966 1150 invenias,
977 1068 1033 1153 qni
1043 1068 1202 1134 honorem

186 1173 282 1238 amici
310 1177 483 1258 anteponat
511 1169 592 1234 suoi
618 1169 720 1254 quidl
748 1169 828 1235 haec
855 1177 894 1234 ut
922 1170 1079 1254 omittam,
1102 1193 1202 1257 quam

186 1295 309 1362 graves,
332 1295 430 1360 quam
451 1270 597 1338 difficiles
625 1270 788 1357 plerisque
808 1271 962 1337 videntur
983 1272 1202 1338 calamitatum

186 1377 351 1442 societates
363 1376 371 1440 1
394 1375 435 1439 ad
446 1395 524 1458 quas
534 1394 601 1437 non
611 1381 659 1438 est
670 1372 767 1438 facile
776 1373 913 1440 inventu
924 1374 980 1460 qui
995 1375 1201 1442 descendant.

187 1499 381 1566 quamquam
395 1475 521 1542 Ennius
534 1482 622 1540 recte

372 1627 493 1694 amicus
508 1635 613 1693 certrrs
628 1627 663 1691 in
677 1649 713 1692 re
727 1627 849 1694 incerta
863 1629 1016 1714 cernitur,

186 1791 296 1849 tamen
316 1781 396 1849 haec
417 1782 482 1849 duo
503 1781 644 1848 levitatis
666 1789 699 1847 et
719 1780 917 1848 infirmitatis
937 1783 1108 1870 plerosque
1129 1805 1203 1850 con-

186 1886 333 1968 vincunt,
349 1893 404 1951 aut
418 1885 446 1950 si
466 1885 502 1948 in
515 1885 608 1950 bonis
625 1885 721 1950 rebus
743 1893 955 1950 contemnunt
977 1893 1032 1950 aut
1052 1887 1088 1950 in
1107 1887 1202 1951 malis

187 1988 349 2054 desenmt.
394 1986 450 2074 qui
465 1987 566 2075 igitur
579 1995 716 2073 utraque
732 1987 769 2050 in
782 2009 817 2052 re
832 2009 975 2074 gravem,
991 1996 1200 2071 constantem,

187 2089 335 2155 stabilem
361 2110 394 2154 se
418 2089 454 2154 in
478 2089 618 2154 amicitia
645 2089 849 2174 praestiterit,
876 2088 964 2155 hunc
992 2112 1035 2154 ex
1061 2092 1202 2156 maxime

186 2213 259 2256 raro
274 2213 393 2279 genere
406 2190 578 2255 hominum
591 2191 734 2257 iudicare
749 2192 904 2258 debemus
919 2199 952 2256 et
965 2214 1068 2279 paene
1078 2193 1199 2259 divino.

138 2295 178 2358 65
482 2290 620 2356 XVIII.
636 2291 895 2358 Firmamentum
904 2301 1013 2358 autem
1021 2293 1202 2359 stabilitatis

187 2369 331 2490 ξῃξέὼζξέ
340 2386 400 2476 {22ss
425 2393 685 2481 constantiaeque
708 2404 757 2460 est
778 2396 856 2479 eius,
880 2418 977 2482 quam
1002 2396 1038 2460 in
1062 2397 1203 2462 amicitia

188 2485 401 2606 ggglssugpnffl
426 2497 618 2582 quaerimus,
642 2494 745 2580 fides;
779 2497 865 2562 1111
889 2505 937 2562 est
965 2498 1053 2563 enim
1078 2498 1200 2580 saone,

187 2616 243 2708 {¹55⁸
263 2602 291 2650 οἲ
307 2601 402 2650 chame
426 2599 514 2685 qnod
528 2596 668 2664 infidum
683 2607 740 2665 est.
784 2600 967 2686 simplicem
984 2609 1148 2687 praeterea
1169 2608 1203 2666 et

226 2696 233 2710 ’
427 2722 633 2766 communem
658 2709 691 2766 et
716 2702 979 2786 consentientem,
1004 2703 1039 2768 id
1065 2711 1121 2786 est,
1145 2701 1202 2788 qui

187 2804 284 2870 rebus
295 2803 399 2869 isdem
409 2811 585 2887 moveatur,
596 2806 679 2894 elegi
689 2811 812 2892 parest,
825 2827 907 2892 quae
918 2806 1027 2872 omnia
1039 2807 1203 2892 pertinent

188 2905 231 2970 ad
243 2903 452 2989 fidelitatem3
473 2928 579 2992 neque
594 2899 681 2972 enim
695 2907 800 2973 fidum
821 2916 1009 2995 potestesse
1029 2908 1203 2995 multiplex

187 3005 358 3094 ingenium
372 3015 405 3072 et
418 3015 608 3091 tortuosum,
620 3031 726 3095 neque
737 3032 824 3092 vero,
837 3011 894 3096 qui
908 3033 976 3076 non
988 3011 1092 3076 isdem
1106 3011 1203 3076 rebus

187 3116 338 3174 moretm
352 3117 529 3196 naturaque
540 3111 707 3194 consentit,
724 3119 779 3176 aut
793 3109 879 3176 fidus
890 3121 945 3178 aut
960 3113 1082 3177 stabilis
1096 3119 1203 3198 potest

188 3231 266 3276 esse.
310 3211 495 3277 addendum
509 3212 625 3276 eodem
645 3220 700 3294 est,
716 3220 754 3277 ut
771 3235 813 3278 ne
835 3213 1023 3280 criminibus
1046 3221 1100 3278 aut
1121 3212 1204 3276 inie-

188 3313 297 3378 rendis
309 3313 486 3379 delectetur
500 3321 555 3378 aut
570 3313 680 3378 credat
690 3314 814 3397 oblatis,
825 3337 906 3401 quae
920 3315 1084 3401 pertinent
1096 3314 1203 3379 omnia

188 3413 231 3478 ad
252 3436 331 3496 eam,
355 3436 453 3500 quam
473 3415 538 3478 iam
560 3415 686 3479 dudum
708 3423 817 3497 tracto,
841 3417 1061 3482 constantiam.
1105 3417 1151 3481 ita
1164 3413 1203 3480 fit

188 3536 304 3578 verum
318 3514 410 3598 illud,
426 3515 513 3601 quod
528 3516 622 3581 initio
637 3516 715 3591 dixi,
732 3517 907 3582 amicitiam
920 3518 983 3582 nisi
1002 3519 1088 3583 inter
1101 3519 1203 3584 bonos
