2752 3928
215 223 257 284 34
517 218 554 272 M.
581 217 705 272 TULLII
730 214 930 272 CICERONIS

214 399 321 456 tutem
346 412 388 455 ex
411 390 647 456 consuetudine
661 391 749 453 vitae
769 387 991 474 sermonisque
1011 386 1113 453 nostri
1133 386 1234 453 inter·

214 501 383 580 pretemur
401 513 462 557 uec
491 514 573 574 eam,
600 500 637 556 ut
663 491 797 577 quidam
824 491 921 572 docti,
942 490 1118 556 verborum
1143 511 1235 577 mag·

214 594 380 660 nificentia
401 595 578 660 metiamur
596 594 748 680 virosque
770 594 872 658 bonos
894 613 958 674 eos,
980 593 1037 678 qui
1059 592 1232 675 habentur,

215 718 435 779 numeremus,
449 695 581 779 Paulos,
599 695 751 778 Catones,
767 693 878 776 Gales,
899 694 1078 780 Scipiones,
1094 693 1232 760 Philos:

216 799 265 865 his
287 799 468 866 communis
483 797 551 862 vita
573 805 727 862 contenta
748 805 807 879 est,
823 817 878 861 eos
900 803 1008 862 autem
1031 797 1232 876 omittamus,

165 904 246 980 22,oe
261 932 358 994 efficacy
371 932 426 980 uni-
451 901 509 986 qui
538 901 673 964 omnino
702 920 866 985 nusquam
895 899 1112 984 reperiuntur.
1158 897 1233 962 talis

215 991 301 1052 vesal,
451 1002 553 1088 igitur
574 1001 661 1064 inter
677 1001 765 1065 viros
787 999 930 1064 amicitia
952 1007 1057 1064 tantas
1079 1007 1234 1084 opportu—

215 1102 333 1167 nitates
354 1101 463 1186 habet,
484 1110 620 1189 quantas
642 1102 697 1165 vix
719 1123 804 1187 queo
826 1101 944 1166 dicere.
989 1101 1151 1188 principio
1174 1100 1233 1187 qui

214 1212 323 1291 potest
347 1227 416 1271 esse
438 1206 538 1270 “vita
560 1204 701 1287 vitalia,'’
719 1211 757 1268 ut
779 1203 825 1268 ait
847 1202 985 1285 Ennius,
1003 1225 1086 1289 quae
1107 1224 1173 1267 non
1195 1203 1231 1266 in
1373 1269 1374 1274 ,

215 1307 312 1372 amici
337 1316 453 1372 mutua
477 1308 704 1373 benevolentia
733 1306 957 1391 conquiescitl
994 1306 1075 1391 quid
1103 1305 1233 1370 dulcius

215 1431 314 1494 quam
335 1409 454 1474 habere
470 1409 604 1494 quicum
619 1408 729 1473 omnia
747 1408 865 1472 audeas
879 1407 925 1472 sic
946 1407 1037 1493 loqui
1052 1415 1091 1472 ut
1103 1408 1233 1472 tecuml
1373 1397 1374 1422 ¹

214 1511 272 1595 qni
287 1517 370 1574 esset
391 1517 502 1575 tantus
516 1509 644 1574 fructus
665 1509 701 1573 in
715 1508 877 1596 prosperis
898 1509 1004 1590 rebus,
1019 1509 1083 1573 nisi
1097 1509 1234 1574 haberes

214 1612 271 1698 qui
286 1612 351 1676 illis
365 1633 468 1698 aeque
482 1634 520 1678 ac
534 1621 572 1678 tu
587 1613 658 1699 ipae
674 1612 852 1700 gauderetl
889 1611 1040 1676 adversas
1050 1633 1129 1676 vero
1145 1611 1233 1677 ferre

215 1713 348 1779 difficile
359 1724 442 1780 esset
453 1715 523 1780 sine
533 1737 582 1798 eo,
595 1715 653 1802 qui
669 1716 739 1780 illas
753 1715 884 1803 gmvius
896 1715 995 1779 etiam
1007 1735 1106 1800 quam
1117 1721 1154 1778 tu
1168 1713 1233 1778 ier·

214 1824 273 1881 ret.
319 1817 461 1903 denique
476 1825 601 1883 ceterae
622 1839 683 1895 res,
700 1840 782 1905 quae
804 1822 1013 1903 expetuntur,
1030 1825 1234 1902 opportunae

214 1926 290 1983 sunt
301 1919 447 2006 singulae
461 1921 558 1986 rebus
573 1920 644 1986 fere
659 1920 806 2008 singulis,
819 1920 964 2003 divitiae,
976 1928 1014 1985 ut
1029 1927 1130 2001 utare,
1143 1941 1232 2006 opes,

214 2028 251 2085 ut
273 2022 388 2104 colare,
411 2021 559 2107 honores,
582 2032 620 2087 ut
642 2023 783 2105 laudere,
804 2022 998 2109 voluptates,
1020 2029 1059 2086 nt
1080 2021 1233 2110 gaudeas,

213 2122 377 2205 valetudo,
394 2131 430 2188 ut
452 2124 564 2191 dolore
579 2147 686 2190 careas
700 2132 733 2190 et
755 2126 946 2191 muneribus
967 2125 1107 2213 fungare
1122 2147 1234 2211 corpo-

213 2225 277 2289 ris:
299 2225 442 2290 amicitia
464 2249 515 2292 res
536 2227 692 2312 plurimas
708 2228 870 2310 eontinet;
893 2249 1024 2314 quoquo
1045 2236 1080 2292 te
1095 2227 1233 2293 verteris

213 2333 342 2411 praesto
366 2334 423 2408 est,
440 2328 531 2393 nullo
552 2327 625 2393 loco
647 2329 841 2412 excluditur,
856 2351 1037 2416 numquam
1058 2329 1233 2414 intempes-

213 2427 290 2508 tiva,
306 2448 488 2512 numquam
504 2428 638 2494 molesta
653 2438 721 2513 est;
743 2431 854 2518 itaque
869 2454 936 2498 non
951 2453 1045 2518 aqua,
1061 2452 1128 2496 non
1149 2431 1230 2518 igni,

213 2536 252 2593 ut
274 2529 375 2612 aiunt,
391 2530 471 2595 locis
492 2531 642 2617 pluribus
664 2534 790 2598 utimur
806 2557 903 2620 quam
926 2535 1077 2599 amicitia.
1122 2555 1232 2620 neque

214 2653 276 2718 ego
289 2653 378 2698 nunc
401 2633 442 2698 de
458 2633 584 2720 volgari
607 2642 662 2699 aut
679 2636 720 2701 de
742 2636 909 2720 mediocri,
926 2657 1008 2722 quae
1028 2644 1139 2700 tamen
1161 2635 1232 2722 ipsa

214 2741 248 2798 et
271 2733 411 2800 delectat
433 2743 466 2801 et
487 2736 631 2822 prodest,
647 2738 704 2803 sed
727 2739 860 2803 devera
882 2745 915 2802 et
936 2736 1083 2824 perfecta
1103 2737 1230 2823 loquor,

214 2836 318 2921 qualis
340 2859 463 2919 eorum,
480 2838 537 2924 qui
558 2839 654 2924 pauci
675 2839 894 2921 nominantur,
917 2838 1005 2922 fuit3
1030 2861 1107 2904 nam
1130 2846 1163 2904 et
1185 2861 1232 2904 se·

214 2938 336 3002 cundas
357 2961 409 3004 res
431 2941 669 3025 splendidiores
690 2942 770 3007 facit
786 2943 928 3007 amicitia
943 2950 977 3008 et
992 2943 1141 3008 adversas
1162 2965 1232 3030 par-

213 3041 299 3105 tiens
313 3043 622 3128 communicansque
643 3044 791 3121 leviores.

165 3143 262 3218 23,„d
278 3172 310 3220 ie
322 3173 426 3222 hm„
515 3143 600 3210 Vll.
639 3145 790 3232 (lamque
823 3147 980 3232 plurimas
1009 3155 1044 3212 et
1072 3149 1232 3212 maximas

214 3239 362 3292 permanent.
451 3245 700 3310 commoditates
722 3247 863 3312 amicitia
885 3248 1060 3330 contineat,
1081 3257 1152 3312 tum
1175 3249 1232 3312 illa

214 3338 369 3404 nimirum
386 3352 527 3428 praestat
542 3345 703 3426 omnibus,
720 3347 808 3430 quod
823 3347 941 3410 bonam
958 3368 1049 3433 spem
1065 3347 1231 3433 praelucet

214 3441 436 3527 inposterum
458 3467 519 3510 nec
540 3446 705 3511 debilitari
727 3447 851 3512 animos
873 3455 930 3512 aut
952 3449 1066 3514 cadere
1088 3451 1232 3534 patitur3

214 3545 444 3610 verumetiam
468 3547 609 3613 amicum
624 3549 682 3635 qui
703 3549 859 3631 intuetur,
874 3555 1042 3637 tamquam
1062 3550 1233 3637 exemplar
