2752 3928
524 209 690 280 cernue,
717 211 812 266 ssu.
1133 215 1175 276 41
1197 167 1198 170 Ὺ

154 381 362 470 peccaveris3
394 401 482 463 nam,
514 403 589 446 cum
619 382 824 447 conciliatrix
852 383 1015 449 amicitiae
1043 384 1175 450 virtutis

155 485 270 572 opinio
285 483 400 566 fuerit,
417 481 548 549 difficile
563 491 612 548 est
627 484 806 550 amicitiam
819 507 961 568 manere,
978 486 1005 550 si
1020 509 1038 550 a
1052 486 1175 551 viante

155 586 327 652 defeceris.
382 585 471 671 quod
493 585 521 650 si
542 594 670 651 rectum
692 587 900 652 statuerimus
922 589 976 652 vel
998 590 1175 654 concedere
1185 593 1226 654 38

156 689 271 755 amicis
287 687 445 774 quicquid
460 687 565 752 velint
580 687 634 752 vel
649 688 825 774 impetrare
839 689 880 754 ab
894 688 935 754 iis
950 691 1107 777 quicquid
1124 713 1177 756 ve

156 793 266 874 limus,
282 789 432 877 perfecta
446 790 581 876 quidem
603 791 763 876 sapientia
777 791 804 856 si
826 791 936 875 simus,
952 792 1037 856 nihil
1059 792 1176 858 habeat

156 917 208 960 res
223 893 309 975 vitii,
318 892 376 958 sed
390 891 558 978 loquimur
568 891 609 956 de
623 892 664 956 iis
675 893 797 976 amicis,
810 893 867 979 qni
882 901 957 958 ante
968 893 1077 959 oculos
1089 902 1174 978 sunt,

157 1018 240 1083 quos
255 995 400 1060 vidimus
415 1001 472 1059 aut
486 995 528 1060 de
543 995 663 1081 quibus
678 997 871 1062 memoriam
886 998 1078 1084 accepimus,
1096 1020 1176 1083 quos

156 1099 253 1164 novit
268 1097 337 1163 vita
351 1097 553 1162 communis:
575 1119 618 1163 ex
631 1097 694 1163 boc
704 1121 842 1163 numero
856 1099 951 1165 nobis
966 1099 1116 1186 exempla
1127 1122 1177 1163 su·

157 1200 280 1266 menda
293 1206 380 1282 sunt,
400 1206 435 1265 et
457 1221 570 1264 eorum
586 1200 721 1286 quidem
742 1201 894 1283 maxime,
911 1201 968 1286 qui
990 1202 1032 1266 ad
1053 1202 1176 1288 sapien·
1196 1244 1201 1252 -

157 1303 241 1368 tiam
262 1323 424 1390 proxume
442 1302 610 1368 accedunt.
654 1302 806 1368 videmus
827 1302 940 1368 Aemi·
964 1341 995 1386 os
1011 1307 1225 1402 Fabricius,39

103 1411 105 1414 ’
158 1405 243 1470 lium
260 1404 403 1470 Luscino
417 1403 615 1470 familiarem
632 1403 824 1470 fusse—sic
846 1427 865 1470 a
885 1426 939 1491 pa·
964 1398 1111 1462 “Wlffl-

159 1507 266 1572 tribus
295 1507 584 1593 accepimus—bis
605 1529 671 1572 una
692 1507 848 1590 consules,
872 1508 1011 1596 collegas
1039 1508 1075 1572 in
1104 1531 1177 1573 cen-

160 1631 253 1693 sura3
274 1616 349 1674 tum
363 1616 398 1674 et
412 1630 488 1674 cum
509 1609 551 1674 iis
565 1616 599 1674 et
620 1609 708 1675 iuter
723 1631 757 1675 se
772 1609 1053 1677 coniunctissimos
1074 1610 1175 1676 luisse

159 1710 219 1777 Μ’.
236 1711 384 1795 Curium,
402 1710 453 1777 Ti.
469 1710 713 1776 Coruncanium
733 1713 910 1778 memoriae
924 1714 1093 1800 proditum
1108 1721 1175 1779 est:

160 1813 265 1902 igitur
277 1836 321 1880 ne
336 1813 493 1900 suspicali
507 1814 643 1900 quidem
660 1836 831 1900 possumus
846 1835 1044 1902 quemquam
1058 1815 1177 1879 horum

160 1917 202 1982 ab
217 1916 322 1980 arnico
337 1916 508 2003 quippiam
523 1916 737 1998 contendisse,
751 1916 839 2002 quod
855 1923 968 1980 contra
981 1915 1091 1999 fidem,
1105 1940 1177 1982 con-

160 2028 213 2082 tra
226 2018 279 2082 ius
293 2018 477 2101 iurandum,
492 2025 606 2084 contra
619 2040 690 2082 rem
703 2017 870 2104 publicam
885 2024 978 2083 esset.
1021 2039 1099 2082 nam
1115 2018 1177 2084 hoc

161 2120 298 2206 quidem
318 2120 354 2185 in
376 2121 495 2187 talibus
516 2120 597 2185 viris
619 2119 700 2206 quid
722 2119 840 2184 attinet
861 2119 978 2202 dicere,
998 2119 1026 2184 si
1048 2127 1178 2184 conten·

161 2222 271 2306 disset,
286 2221 540 2310 impetraturum
562 2244 630 2288 non
652 2220 773 2287 fuisset
816 2243 892 2287 cum
913 2221 964 2286 illi
983 2222 1177 2288 sanctissimi

160 2324 226 2391 viri
240 2323 376 2409 fuerint,
392 2347 493 2411 aeque
509 2331 620 2390 autem
632 2324 727 2390 nefas
741 2323 784 2390 sit
799 2324 863 2390 tale
878 2324 1003 2412 aliquid
1017 2332 1051 2390 et
1068 2325 1177 2391 iacere

160 2435 313 2515 rogatum
327 2435 362 2494 et
379 2449 503 2514 rogare.
548 2433 674 2492 atvero
691 2427 742 2492 ui.
759 2427 946 2494 Gracchum
960 2429 1178 2514 sequebantur

161 2529 199 2596 O.
215 2530 332 2614 Garbe,
349 2529 387 2596 Ο.
403 2530 494 2614 uaso,
510 2537 544 2596 et
557 2529 696 2595 minime
710 2538 784 2595 tum
798 2531 933 2617 quidem
948 2530 1050 2596 Gaius
1064 2531 1176 2613 frater,

159 2655 250 2700 nunc
270 2635 362 2700 idem
376 2633 559 2700 acerrimus.

227 2735 310 2802 XII.
334 2735 428 2802 Haec
450 2736 553 2824 igitru
573 2735 628 2800 lex
648 2735 686 2799 in
709 2734 852 2800 andsitia
873 2756 942 2799 san·
966 2733 1055 2837 mklffi‘}
1060 2739 1178 2837 {2⁸3⁰}
1186 2738 1228 2801 40

161 2837 276 2921 cietur,
298 2845 337 2903 ut
360 2859 469 2925 neque
494 2859 648 2926 rogemus
673 2858 725 2901 res
749 2836 855 2922 turpis
879 2858 942 2901 nec
966 2848 1038 2953 qupng
1059 2806 1178 2910 usgracb

161 2939 322 3006 faciamus
339 2941 465 3028 rogati3
487 2940 594 3026 turpis
609 2938 699 3005 enim
714 2938 878 3005 excusatio
892 2945 942 3004 est
977 2921 1010 2954 u.

162 3049 196 3107 et
217 3041 355 3108 minime
378 3041 568 3129 accipienda
588 3063 663 3106 oum
686 3039 722 3104 in
745 3040 861 3105 ceteris
883 3040 1033 3127 peccatis,
1057 3047 1129 3104 tum
1151 3039 1178 3104 si

163 3143 237 3229 quis
251 3151 364 3210 contra
385 3167 456 3210 rem
477 3143 643 3230 publicam
658 3165 693 3209 se
715 3142 812 3208 amici
827 3165 921 3208 causa
942 3142 1058 3208 fecisse
1080 3142 1179 3207 fatear

162 3253 226 3310 tur.
271 3247 396 3312 etenim
418 3269 457 3312 eo
478 3247 559 3330 loco,
576 3245 683 3310 Fanni
702 3253 735 3311 et
759 3245 922 3329 Scaevola,
937 3245 1035 3310 locati
1057 3266 1177 3326 sumus,

162 3355 202 3412 ut
214 3369 274 3412 nos
288 3347 387 3436 longe
408 3348 595 3435 prospicere
612 3355 760 3434 oporteat
782 3347 911 3412 futuros
926 3369 1016 3412 casus
1030 3346 1079 3410 rei
1100 3347 1180 3432 pub

163 3449 264 3517 licae:
286 3449 422 3519 deflexit
435 3454 503 3518 iam
518 3451 757 3538 aliquantulum
777 3451 818 3515 de
834 3451 939 3537 spatio
954 3447 1179 3534 curriculoque

164 3553 365 3619 consuetudo
386 3555 558 3619 maiouim.
603 3551 654 3617 Ti.
671 3551 839 3616 Gracchus
859 3573 999 3637 regnum
1022 3571 1179 3636 occupare
1188 3551 1229 3612 41
