2752 3928
507 226 674 296 innume,
701 226 796 281 ιιι-ιι.
1119 229 1159 290 61

206 397 342 464 XXVI.
367 396 465 476 Quod
478 398 505 462 si
519 398 555 462 in
569 419 690 480 scaena,
706 397 741 463 id
757 406 804 462 est
822 397 858 460 in
872 397 1031 480 contione,
1047 397 1082 462 in
1097 420 1161 484 qua
1170 397 1212 466 97

139 502 236 567 rebus
246 499 332 565 fietis
343 508 377 564 et
388 501 585 566 adumbratis
595 501 659 583 loci
669 499 848 586 plurimum
860 507 916 582 est,
926 508 1036 565 tamen
1045 523 1161 566 verum

139 603 236 684 valet,
253 601 393 666 simodo
411 601 445 666 id
461 601 661 687 patefactum
676 608 710 666 et
731 601 937 666 inlustratum
952 609 1009 684 est,
1026 601 1105 688 quid
1125 603 1161 666 in

140 704 283 770 amicitia
304 701 376 767 fieri
406 711 543 791 oportet,
567 725 649 790 quae
680 710 748 768 tota
769 703 906 768 veritate
926 704 1160 790 perpenditur?

140 807 176 871 in
198 829 263 892 qua
283 805 355 887 nisi,
371 812 409 870 ut
431 805 559 888 dieitur,
575 811 724 892 apertum
745 813 858 891 pectus
871 805 981 870 videas
1002 812 1160 892 tuumque

140 909 298 991 ostendas,
314 907 396 971 nihil
411 905 525 990 fidum,
540 907 623 973 nihil
638 906 841 993 exploratum
858 906 983 990 habeas,
998 929 1040 972 ne
1055 930 1160 974 amare

140 1010 275 1097 quidem
285 1017 342 1074 aut
353 1010 461 1091 amari,
475 1031 551 1074 cum
562 1011 596 1074 id
608 1031 706 1126 quam
716 1031 792 1074 vere
803 1007 860 1074 fiat
870 1010 1007 1096 ignores,
1052 1032 1161 1096 quam·

140 1133 240 1228 quam
251 1111 667 1227 rstaadsentat1o,quamvis
678 1111 916 1196 pern1crosas1t
927 1133 1041 1176 nocere
1052 1119 1160 1176 tamen

139 1213 265 1279 nemini
286 1220 394 1300 potest
408 1212 471 1278 nisi
486 1213 526 1294 ei,
539 1212 596 1298 qui
612 1233 682 1276 eam
697 1211 812 1297 recipit
826 1224 923 1296 atque
949 1260 1018 1307 „in
992 1262 1045 1321 mju
1046 1275 1083 1307 ms
1102 1261 1160 1321 anu

140 1339 179 1382 ea
200 1315 444 1382 delectatur.i
432 1314 539 1381 alit
560 1315 629 1378 ut
620 1336 646 1378 ιι
668 1314 921 1379 adsentatoribus
949 1319 1009 1364 him
1029 1318 1091 1365 who
1115 1333 1160 1365 11·

139 1418 314 1505 patefaciat
333 1418 417 1484 amis
439 1439 511 1483 suas
532 1418 681 1500 maxime,
698 1417 755 1503 qui
777 1415 845 1503 ipse
861 1417 921 1483 sibi
948 1389 983 1422 ⁰⁶
985 1379 1064 1436 veae

140 1522 327 1586 adsentetur
337 1529 370 1586 et
381 1543 415 1586 se
425 1521 566 1586 maxime
576 1520 645 1607 ipse
657 1519 804 1585 delectet.
847 1519 979 1585 omnino
991 1527 1039 1584 est
1050 1541 1159 1586 amans
1169 1524 1210 1586 98

140 1624 191 1688 sui
206 1623 328 1706 virtus3
350 1630 484 1709 optume
499 1623 587 1688 enim
600 1645 634 1688 se
648 1622 717 1708 ipsa
733 1621 825 1695 novit
840 1629 1001 1708 quamque
1016 1622 1160 1688 amabilis
1254 1667 1257 1674 ·

140 1726 182 1790 sit
196 1725 376 1813 intellegit:
399 1747 460 1812 ego
475 1733 583 1791 autem
597 1725 715 1790 nonde
730 1724 852 1788 virtute
866 1746 954 1788 nunc
968 1725 1091 1810 loquor,
1103 1726 1160 1789 sed

140 1828 182 1892 de
196 1827 326 1892 virtutis
343 1827 504 1913 opinione.
549 1827 671 1893 virtute
694 1827 782 1892 enim
803 1827 873 1912 ipsa
893 1848 960 1891 non
974 1833 1041 1890 tam
1063 1826 1160 1890 multi

139 1930 279 2017 praediti
294 1951 471 2016 essequam
482 1929 588 1995 videri
597 1929 731 1994 volunt:
754 1929 813 1993 hos
825 1928 962 1993 delectat
972 1927 1158 2011 adsentatio,

117 2087 121 2092 .
140 2031 192 2096 his
206 2031 301 2096 fictus
325 2032 366 2097 ad
386 2032 533 2118 ipsorum
546 2031 748 2096 voluntatem
763 2051 866 2095 senno
882 2052 957 2095 cum
979 2029 1158 2111 adhibetur,

140 2133 320 2200 orationem
330 2133 420 2198 illam
434 2155 551 2199 vanam
565 2133 788 2198 testimonium
802 2154 869 2198 esse
883 2132 1016 2197 laudum
1031 2153 1160 2196 suarum

140 2245 266 2324 putant.
311 2237 402 2301 nulla
416 2244 463 2302 est
478 2237 579 2324 igitur
599 2236 678 2302 haee
694 2236 844 2320 amicitia,
861 2257 936 2301 cum
951 2235 1032 2300 alter
1045 2257 1160 2300 verum

140 2341 252 2406 audire
272 2361 341 2405 non
354 2340 434 2422 volt,
450 2339 585 2404 altered
606 2338 833 2404 mentiendum
854 2345 983 2424 paratus
998 2344 1055 2402 est.
1100 2359 1160 2402 nec

139 2443 354 2530 parasitorum
374 2441 410 2505 in
425 2441 597 2507 comoediis
612 2441 789 2508 adsentatio
808 2439 912 2506 faceta
932 2439 1024 2505 nobis
1038 2439 1160 2505 videre-

140 2554 204 2628 tur,
219 2545 283 2609 nisi
297 2551 402 2608 essent
416 2543 536 2608 milites
551 2543 690 2632 gloriosi.

306 2719 437 2784 magnes
452 2719 528 2763 vero
544 2720 637 2786 agere
653 2698 769 2786 gratias
784 2697 880 2762 Thais
894 2695 995 2760 mihil

141 2851 216 2918 satis
228 2858 295 2917 erat
306 2852 498 2936 respondere
511 2850 716 2938 “magnas’':
734 2853 752 2886 “
761 2850 903 2937 ingentis
911 2850 931 2883 '’
943 2849 1058 2935 inquit.
1082 2871 1161 2914 sem·

140 2977 200 3042 per
223 2961 320 3040 auget
343 2953 526 3019 adsentator
546 2953 591 3035 id,
615 2953 703 3039 quod
722 2951 758 3034 is,
783 2953 874 3017 cuius
894 2953 935 3017 ad
959 2951 1160 3017 voluntatem

141 3057 268 3138 dicitur,
291 3055 362 3121 volt
388 3077 455 3121 esse
473 3077 639 3142 magnum.
684 3076 782 3140 quam
801 3055 843 3120 ob
862 3077 941 3137 rem,
963 3058 1209 3141 quamquamltt

140 3158 258 3224 blanda
271 3156 333 3222 ista
342 3158 467 3222 vanitas
482 3158 568 3243 apud
583 3179 636 3223 eos
647 3157 742 3240 valet,
753 3157 810 3242 qui
824 3157 886 3243 ipsi
901 3158 989 3222 illam
1001 3157 1159 3222 adlectant

141 3267 174 3324 et
185 3259 336 3341 invitant,
348 3267 457 3324 tamen
469 3260 566 3324 etiam
577 3260 739 3347 graviores
751 3260 1043 3345 constantioresque
1055 3260 1160 3323 adme

140 3361 240 3426 nendi
255 3368 341 3443 sunt,
357 3370 395 3427 ut
410 3363 666 3428 animadvertant
685 3384 727 3426 ne
743 3362 856 3426 callida
871 3362 923 3426 ad-
948 3409 980 3456 bu
982 3416 992 3456 t
996 3409 1049 3456 an„
1052 3408 1110 3456 aed
1112 3409 1159 3455 ose

140 3484 198 3527 sen
198 3463 321 3540 tatione
340 3463 515 3549 capiantur.
557 3471 671 3580 aperte
686 3463 773 3528 enim
795 3462 923 3538 adulan-
948 3482 979 3514 111
1000 3468 1064 3514 111111
1083 3465 1160 3527 guard

141 3571 209 3630 tem
223 3586 320 3630 nemo
334 3586 400 3630 non
415 3564 516 3647 videt,
532 3565 594 3629 nisi
609 3565 665 3650 qui
685 3565 922 3629 admodumt
874 3570 922 3629 cst
947 3525 1113 3628 illisorllll¹³
1077 3523 1160 3571 ”ab
