2752 3928
212 207 255 268 42
516 203 554 259 Μ.
579 203 703 258 TULLII
728 203 926 259 CICERONIS
952 237 954 242 ,

213 383 347 442 conatus
361 382 419 459 est,
431 375 486 441 vel
500 376 651 464 regnavit
662 375 690 441 is
702 376 836 462 quidem
846 397 967 464 paucos
981 397 1126 443 menses:
1149 400 1231 444 num
1317 421 1320 425 -

212 480 294 566 quid
318 479 425 544 simile
450 479 591 566 populus
619 477 789 544 Romanus
819 479 966 544 audierat
996 486 1053 544 aut
1077 480 1231 546 videratl

212 581 301 646 hunc
315 582 414 647 etiam
433 588 663 667 postmortem
678 582 780 646 secuti
796 581 892 646 amici
907 587 941 646 et
955 581 1134 668 propinqui
1150 584 1232 668 quid

211 684 248 747 in
269 683 308 749 P.
326 683 479 770 Scipione
500 683 668 748 effecerint
682 683 752 748 sine
773 682 914 748 lacrimis
928 704 997 746 non
1013 704 1096 768 queo
1111 684 1229 750 dicere.
1249 723 1255 733 ·

211 808 289 850 nam
314 785 506 867 Carbonem,
534 806 739 870 quocumque
768 784 867 849 modo
892 785 1070 870 potuimus,
1094 794 1232 872 propter

211 896 375 952 recentem
389 909 529 974 poenam
544 885 595 951 Ti.
613 884 754 951 Gracchi
768 886 980 952 sustinuimus
989 907 998 970 ;
1021 887 1061 952 de
1077 887 1114 952 O.
1132 886 1232 952 Grac-

212 989 266 1055 chi
277 997 386 1054 autem
401 989 569 1054 tribunatu
581 988 661 1074 quid
672 995 857 1075 exspectem
871 1010 939 1053 non
953 988 1045 1054 lubet
1059 990 1230 1076 augurari:

212 1087 321 1178 serpit
338 1091 456 1157 deinde
480 1113 540 1173 res,
567 1112 649 1176 quae
674 1091 919 1176 procliviusad
941 1091 1129 1178 perniciem,
1152 1113 1230 1156 cum

213 1194 312 1260 semel
323 1195 439 1281 coepit,
452 1194 581 1260 labitur.
625 1193 744 1258 videtis
758 1193 794 1256 in
808 1193 927 1258 tabella
940 1193 1006 1258 iam
1021 1200 1096 1258 ante
1108 1201 1231 1279 quanta

213 1298 255 1362 sit
276 1296 364 1362 facta
384 1296 481 1379 labes,
497 1296 605 1382 primo
621 1295 761 1359 Gabinia
777 1294 858 1382 lege,
874 1294 1007 1360 biennio
1022 1301 1132 1359 autem
1153 1301 1230 1380 post

214 1400 338 1466 Cassia:
354 1400 465 1464 videre
479 1401 545 1463 iam
557 1398 670 1463 videor
684 1396 845 1483 populum
860 1405 1003 1462 asenam
1018 1397 1228 1480 disiunctum,

212 1501 434 1566 multitudinis
455 1500 588 1565 arbitrio
602 1521 654 1564 166
670 1499 829 1563 maximas
844 1498 918 1586 agi;
940 1498 1050 1585 plures
1064 1499 1153 1563 enim
1168 1499 1231 1564 dis

214 1611 297 1686 cent,
310 1625 408 1689 quem
423 1602 610 1667 admodum
624 1601 704 1666 haec
717 1599 808 1684 fiant,
821 1623 920 1687 quam
931 1623 1029 1687 quem
1041 1602 1229 1667 admodum

163 1707 205 1771 42
257 1753 283 1800 u
299 1753 348 1800 evss
368 1767 425 1800 men
450 1703 503 1768 his
527 1705 703 1770 resistatur.
750 1725 905 1790 quorsum
927 1703 1031 1770 hasal
1061 1705 1137 1790 quia
1159 1704 1230 1770 sine

213 1811 263 1858 had
282 1825 314 1858 110
338 1812 425 1858 assou-
451 1802 545 1870 sociis
561 1827 659 1870 nemo
675 1805 849 1891 quicquam
870 1805 935 1870 tale
951 1813 1096 1872 conatur.
1140 1828 1231 1892 prae

214 1869 425 1974 illibssieiiiaii
452 1909 640 1995 cipiendum
663 1916 712 1974 661
736 1909 839 1996 igitur
862 1909 958 1974 bonis
979 1917 1027 1992 ut,
1052 1909 1136 1974 siin
1161 1909 1230 1974 eius

213 1985 297 2046 sams
451 2013 542 2078 modi
564 2013 720 2078 amicitias
745 2012 851 2099 ignari
876 2033 952 2076 casu
977 2012 1086 2098 aliquo
1111 2012 1231 2077 incide

213 2115 290 2198 rint,
305 2137 347 2180 116
362 2115 549 2180 existiment
566 2115 613 2180 ita
627 2137 660 2180 se
675 2115 842 2202 adligatos,
857 2122 896 2178 ut
911 2115 951 2180 ab
966 2115 1078 2179 amicis
1092 2114 1128 2177 in
1142 2137 1230 2201 mag-

213 2239 257 2282 na
271 2217 377 2303 aliqua
391 2240 427 2282 16
441 2217 573 2304 publica
586 2213 795 2303 peccantibus
811 2239 878 2281 non
894 2217 1070 2300 discedant,
1083 2217 1229 2303 inprobis

214 2327 324 2383 autem
338 2317 444 2406 poena
457 2319 627 2384 statuenda
641 2325 699 2401 est,
711 2341 772 2384 nec
784 2341 861 2384 vero
872 2320 982 2384 minor
995 2319 1043 2402 iis,
1056 2319 1114 2405 qui
1129 2318 1229 2384 secuti

214 2427 310 2486 erunt
322 2419 469 2502 alterum,
481 2441 580 2505 quam
596 2421 645 2503 iis,
659 2421 716 2506 qui
730 2421 793 2507 ipsi
808 2420 934 2486 fuerint
944 2421 1111 2507 inpietatis
1122 2421 1227 2486 duces.

214 2524 287 2610 quis
312 2523 427 2588 clarior
451 2523 487 2586 in
514 2521 650 2587 Graecia
676 2523 918 2590 Themistoclel
948 2525 1020 2610 quis
1042 2524 1229 2610 potentiori

214 2626 372 2713 quicum
396 2625 575 2712 imperator
601 2625 688 2690 bello
718 2624 849 2690 Persico
876 2623 1033 2690 servituto
1059 2625 1228 2692 Graeciam

213 2728 413 2794 liberavisset
434 2726 632 2814 propterque
657 2728 817 2792 invidiam
841 2727 877 2791 in
901 2727 1052 2792 exsilium
1078 2729 1229 2814 expulsus

101 2879 103 2884 ι
214 2839 305 2912 esset,
330 2831 475 2917 ingratae
497 2831 619 2916 patriae
642 2830 797 2896 iniuriam
819 2852 888 2895 non
910 2829 997 2913 tulit,
1022 2852 1121 2916 quam
1143 2829 1229 2895 ferre

215 2932 348 2997 debuit:
370 2930 451 2995 fecit
473 2932 561 2996 idem
585 2933 673 3018 quod
696 2932 815 3020 viginti
841 2932 934 2997 annis
960 2939 1035 2997 ante
1059 2932 1146 3018 apud
1169 2953 1229 2996 nos

213 3034 336 3100 fecerat
354 3033 553 3100 Coriolanus.
598 3033 649 3098 his
672 3035 801 3100 adiutor
823 3042 936 3101 contra
957 3035 1098 3122 patriam
1119 3035 1230 3098 inven-

214 3145 267 3202 tus
292 3144 341 3201 661
366 3158 484 3219 nemo;
512 3136 622 3223 itaque
646 3144 788 3201 mortem
814 3139 875 3203 sibi
899 3146 1038 3222 uterque
1062 3135 1228 3200 conscivit.

163 3243 204 3306 43
214 3281 353 3330 therefore
362 3281 426 3343 good
452 3260 516 3324 qua
544 3261 579 3304 re
608 3239 681 3304 talis
714 3240 928 3326 inprobomm
961 3238 1130 3303 consensio
1162 3258 1230 3301 non

214 3355 281 3387 ¹¹¹⁰¹1
309 3340 426 3386 ⁸h0¹¹¹<1
451 3341 550 3406 modo
575 3342 782 3407 excusatione
812 3341 972 3405 amicitiae
997 3340 1140 3427 tegenda
1163 3359 1230 3402 non

214 3397 427 3512 ididddidiiid
452 3450 510 3524 est,
531 3443 588 3507 sed
608 3443 718 3528 potius
740 3441 901 3529 supplicio
921 3442 1012 3505 omni
1034 3439 1230 3505 vindicanda

215 3523 301 3556 excuss
316 3512 353 3556 for
367 3512 427 3558 avil·
709 3543 715 3553 .
1145 3541 1152 3556 .

215 3565 296 3628 doing.
453 3550 510 3626 681,
532 3551 571 3607 111
595 3564 638 3608 ne
661 3565 734 3630 qms
759 3563 947 3608 concessum
972 3547 1067 3629 putei
1089 3562 1228 3610 111111011ῐῦ

256 3812 308 3824 -
