2752 3928
512 239 679 309 LAELIUS,
705 241 801 296 olon.
1123 243 1163 305 51

148 431 217 478 esse
231 433 298 477 non
315 433 428 497 posse3
450 420 498 477 est
513 412 601 478 enim
621 413 699 478 boni
714 412 787 496 viri,
802 434 901 498 quem
923 413 1063 477 eundem
1085 412 1166 498 sapi-

148 523 258 580 entem
272 514 349 579 licet
363 514 479 598 dicere,
495 515 574 580 haec
586 516 651 580 duo
665 523 775 580 tenere
785 515 821 578 in
832 515 989 597 amicitia3
1009 514 1163 600 primum,

147 618 293 704 nequid
317 616 432 682 lictum
457 618 499 682 sit
524 640 607 683 neve
633 618 842 700 simulatum3
864 625 973 703 aperte
998 617 1087 681 enim
1111 617 1165 682 vel

148 720 254 785 odisse
267 720 371 806 magis
392 720 528 807 ingenui
549 727 598 785 est
612 741 710 806 quam
730 718 841 784 fronte
862 718 1021 784 occultare
1042 725 1166 784 senten·

148 823 229 887 tiam
241 844 250 905 ;
272 822 389 888 deinde
403 844 470 888 non
485 822 590 888 solum
608 825 649 888 ab
663 823 771 909 aliquo
786 822 906 887 adlatas
928 823 1165 888 criminationes

148 923 314 1010 repellere,
331 924 388 989 sed
402 946 444 989 ne
458 924 566 1011 ipsum
578 925 711 1011 quidem
725 947 792 990 esse
804 925 1026 1011 suspiciosum,
1038 947 1167 1011 semper

149 1025 273 1112 aliquid
295 1025 534 1092 existimantem
554 1027 595 1092 ab
617 1027 720 1092 amico
742 1048 810 1091 esse
823 1027 990 1092 violatum.
1035 1027 1165 1092 accedat
1175 1030 1215 1092 66

148 1127 216 1192 hnc
236 1128 375 1192 suavitas
390 1129 548 1214 quaedam
562 1136 691 1215 oportet
712 1150 897 1193 sermonum
912 1136 1009 1214 atque
1026 1150 1163 1212 morum,

149 1229 238 1294 haud
253 1249 414 1316 quaquam
427 1231 590 1296 mediocre
602 1231 847 1296 condimentum
858 1231 1026 1296 amicitiae.
1070 1231 1167 1296 tristi-

149 1331 196 1396 tia
210 1340 318 1396 autem
333 1333 415 1396 etin
429 1333 519 1398 omni
538 1354 574 1398 re
589 1333 741 1398 severitas
761 1332 860 1398 habet
880 1332 937 1397 illa
950 1331 1083 1418 quidem
1098 1354 1167 1420 gra

150 1433 295 1516 vitatam,
310 1433 367 1498 sed
389 1434 530 1500 amicitia
552 1434 714 1500 remissior
727 1455 795 1500 esse
817 1434 914 1499 debet
935 1442 968 1499 et
989 1433 1120 1499 liberior
1134 1442 1167 1499 et

150 1534 277 1600 dulcior
287 1543 319 1601 et
330 1535 372 1601 ad
383 1557 513 1602 omnem
524 1537 709 1602 comitatem
716 1536 971 1623 facilitatemque
981 1537 1165 1623 proclivior.

216 1637 316 1704 XIX.
339 1637 476 1703 Exsistit
489 1646 598 1705 autem
612 1639 674 1704 hoo
689 1639 760 1705 loco
773 1639 930 1725 quaedam
1083 1705 1090 1716 ‚
1177 1638 1218 1707 67

151 1738 929 1826 quaestiosubdiffieilis,numquaudoamioinovi,
956 1704 1171 1822 aaRillellrssl

151 1841 244 1928 digni
253 1841 401 1924 amicitia,
412 1842 576 1907 veteribus
585 1842 649 1907 sint
658 1843 885 1929 anteponendi,
893 1849 931 1906 ut
956 1825 1052 1868 tanes.

151 1943 242 2030 equis
251 1944 369 2010 vetulis
379 1943 506 2010 tener'os
516 1953 711 2032 anteponere
721 1945 876 2011 solemus:
891 1945 1026 2031 indigna
1037 1944 1168 2009 homine

151 2046 311 2112 dubitatio
324 2047 331 2112 l
353 2069 419 2113 non
440 2048 527 2113 enim
543 2049 662 2114 debent
677 2069 744 2113 esse
759 2047 983 2129 amicitiarum,
999 2047 1082 2111 sicut
1096 2047 1169 2111 alia

34 2173 36 2177 ¹
150 2171 227 2213 rum
247 2171 366 2232 rerum,
389 2150 569 2216 satietates:
602 2150 775 2215 veterrima
795 2170 950 2235 quaeque,
965 2156 1004 2213 ut
1025 2170 1062 2213 ea
1082 2149 1167 2231 vina,

152 2273 234 2337 quae
249 2259 443 2318 vetustatem
457 2252 579 2336 ierunt,
590 2274 658 2318 esse
673 2252 770 2318 debet
781 2251 977 2334 suavissima,
990 2271 1169 2337 verumque

151 2351 235 2418 illud
249 2361 306 2437 est,
323 2355 411 2441 quod
433 2354 561 2438 dicitur,
577 2354 698 2420 multos
715 2354 841 2420 modios
862 2353 936 2418 salis
957 2352 1054 2418 simul
1075 2352 1170 2417 eden-

153 2455 211 2520 dos
236 2477 313 2540 esse,
335 2464 373 2521 ut
402 2457 561 2523 amicitiae
581 2479 702 2523 munus
723 2457 891 2544 expletum
912 2456 964 2521 sit.
1007 2455 1168 2520 novitates
1179 2458 1219 2520 68

152 2564 271 2640 autam,
283 2558 310 2622 si
326 2580 418 2645 spem
432 2559 586 2626 adfenmt
600 2567 638 2624 ut
653 2569 818 2645 tamquam
838 2559 874 2622 in
894 2558 1004 2624 herbis
1024 2579 1091 2623 non
1111 2556 1171 2622 fal-

151 2659 275 2726 lacibus
296 2659 423 2728 fruetus
446 2663 605 2749 adpareat,
620 2684 688 2727 non
703 2669 778 2727 sunt
799 2660 873 2726 illae
888 2660 1021 2746 quidem
1042 2659 1171 2745 repudi-

153 2761 264 2846 andae,
276 2771 417 2830 vetustas
431 2772 540 2830 tamen
555 2786 612 2830 suo
623 2764 695 2830 loco
707 2762 945 2844 conservanda3
966 2761 1107 2826 maxima
1122 2768 1170 2825 est

153 2865 241 2930 enim
263 2865 313 2931 vis
336 2867 503 2932 vetustatis
525 2874 557 2931 et
579 2864 830 2932 consuetudinis.
876 2864 955 2950 quin
980 2863 1051 2949 ipso
1076 2883 1168 2948 equo,

153 2967 245 3033 cuius
259 2969 356 3036 modo
371 2967 436 3034 ieci
450 2969 658 3051 mentionem,
675 2969 702 3033 si
721 2967 812 3033 nulla
832 2988 884 3031 res
905 2966 1058 3052 inpediat,
1074 2987 1170 3030 nemo

153 3077 202 3134 est
216 3069 296 3156 quin
310 3089 358 3154 eo,
374 3092 439 3157 quo
453 3071 630 3153 consuevit,
646 3069 800 3135 libentius
814 3076 925 3133 utatur
938 3089 1036 3154 quam
1056 3067 1171 3132 intrac-

152 3179 221 3236 tato
235 3179 269 3236 et
288 3194 393 3256 nov03
414 3194 475 3238 nec
489 3194 567 3238 vero
588 3173 625 3237 in
644 3172 716 3256 hoc,
733 3172 821 3258 quod
844 3178 892 3236 est
914 3170 1041 3252 animal,
1058 3169 1114 3234 sed
1135 3169 1171 3233 in

152 3272 194 3337 iis
209 3272 315 3356 etiam,
332 3296 414 3360 quae
428 3282 503 3341 sunt
517 3275 668 3358 inanima,
681 3274 880 3340 consuetudo
894 3273 989 3354 valet,
1003 3294 1079 3336 cum
1092 3270 1172 3335 locis

153 3374 234 3461 ipsis
248 3374 456 3460 delectemur,
471 3377 650 3442 montuosis
665 3377 762 3442 etiam
777 3384 810 3442 et
828 3375 1037 3457 silvestribus,
1053 3374 1089 3436 in
1104 3372 1172 3458 qui-

153 3476 216 3542 bus
230 3477 353 3543 diutius
368 3480 558 3544 commorati
573 3501 692 3544 sumus.

220 3579 285 3650 Sed
306 3582 487 3648 maximum
508 3589 557 3647 est
578 3581 614 3644 in
632 3580 773 3646 amicitia
793 3600 906 3666 parem
925 3598 992 3643 esse
1006 3575 1222 3658 inferiori369
