2752 3928
525 203 693 275 Laeuus,
719 208 814 260 asae.
1139 210 1182 275 31

159 376 295 443 amandi
310 397 410 462 quam
425 376 622 463 cogitatione
634 384 795 463 quantum
806 377 862 442 illa
873 399 923 442 res
935 376 1085 442 utilitatis
1097 386 1181 444 esset

159 479 321 546 habitura.
367 479 456 565 quod
477 478 612 565 quidem
626 479 723 564 quale
744 479 787 544 sit
808 479 907 544 etiam
929 479 966 544 in
978 481 1091 546 bestiis
1112 481 1182 567 qui-

160 583 301 650 busdam
315 580 531 647 animadverti
551 589 669 667 potest,
686 603 769 667 quae
784 604 825 646 ex
847 604 881 647 se
895 590 988 647 natos
1009 583 1056 647 ita
1070 591 1181 650 amant

162 685 203 748 ad
215 683 379 769 quoddam
391 690 523 769 tempus
531 691 565 748 et
576 683 617 748 ab
629 683 676 748 eis
687 684 734 748 ita
744 691 905 766 amantur,
913 694 951 748 nt
962 683 1059 751 facile
1068 708 1181 750 earum

161 808 275 852 sensus
289 786 460 871 adpareat:
484 785 573 870 quod
588 785 623 849 in
645 784 781 852 homine
795 785 902 852 multe
917 794 965 852 est
987 788 1180 874 evidentius,

162 889 308 974 primum
324 910 365 953 ex
380 909 418 953 ea
433 887 577 968 caritate,
594 908 678 973 quae
693 896 742 953 est
763 888 849 954 inter
863 895 956 954 natos
971 897 1005 954 et
1019 898 1180 976 parentes,

163 1013 246 1077 quae
263 989 375 1056 dirimi
392 991 456 1055 nisi
480 989 665 1056 detestabili
691 991 810 1057 scelere
834 1013 902 1056 non
925 1001 1043 1077 potest,
1062 992 1181 1058 deinde

162 1114 238 1157 cum
256 1092 372 1158 similis
389 1113 501 1158 sensus
519 1092 645 1157 exstitit
664 1093 792 1177 amoris,
809 1093 836 1157 si
856 1093 998 1179 aliquem
1018 1095 1107 1159 nacti
1130 1117 1181 1159 su-

90 1207 93 1218 '
161 1217 246 1277 mus,
261 1195 354 1260 cuius
369 1217 443 1260 cum
460 1196 605 1260 moribus
620 1201 653 1260 et
674 1207 791 1260 natura
805 1217 1030 1283 congruamus,
1042 1197 1131 1282 quod
1145 1198 1181 1261 in

162 1320 202 1365 eo
216 1300 307 1385 quasi
325 1299 438 1364 lumen
453 1298 586 1385 aliquod
607 1298 781 1386 probitatis
795 1306 829 1363 et
843 1299 977 1363 virtutis
999 1299 1180 1385 perspicere

162 1402 342 1467 videamur.
386 1401 471 1464 nihil
486 1409 536 1466 est
553 1401 644 1466 enim
659 1401 782 1465 virtute
797 1400 978 1483 amabilius,
993 1400 1077 1465 uihil
1093 1402 1178 1486 quod
1190 1406 1231 1468 28

162 1505 267 1591 magis
282 1504 413 1568 adliciat
428 1503 470 1568 ad
492 1503 708 1591 diligendum,
724 1503 848 1589 quippe
871 1525 946 1568 eum
969 1511 1104 1590 propter
1118 1503 1180 1568 vir-

161 1613 267 1672 tutem
282 1613 315 1672 et
329 1607 525 1692 probitatem
541 1607 641 1671 etiam
657 1628 721 1687 eos,
733 1628 814 1692 quos
828 1627 1010 1692 numquam
1026 1605 1178 1689 vidimus,

162 1707 303 1792 quodam
331 1709 429 1773 modo
459 1709 642 1795 diligamus.
687 1710 760 1795 quis
789 1717 839 1773 est
869 1709 926 1794 qui
957 1708 995 1773 O.
1026 1707 1178 1791 Fabricii,

161 1808 222 1875 Μ’.
239 1810 333 1874 Curii
349 1832 417 1875 non
432 1832 508 1874 cum
523 1811 655 1875 caritate
675 1811 783 1895 aliqua
804 1811 964 1876 benevola
986 1813 1178 1876 memoriam

160 1919 306 1997 usurpet,
322 1933 403 1997 quos
426 1933 608 1996 numquam
624 1912 765 1976 videritl
824 1913 897 1996 quis
919 1920 1028 1978 autem
1051 1922 1100 1978 est
1122 1914 1179 2000 qui

161 2011 381 2097 Tarquinium
402 2011 598 2096 Superbum,
614 2012 672 2098 qui
693 2011 749 2096 Sp.
767 2011 924 2095 Cassium,
946 2014 1002 2100 Sp.
1019 2014 1179 2080 Maelium

160 2135 229 2178 non
253 2111 383 2177 oderitl
428 2133 504 2176 cum
520 2113 646 2180 duobus
665 2113 802 2179 ducibus
818 2115 860 2180 de
880 2116 1019 2201 imperio
1033 2118 1068 2181 in
1083 2116 1179 2183 Italia

161 2222 212 2282 est
226 2214 437 2296 decertatum,
451 2213 480 2278 P
481 2213 580 2301 yrrho
595 2222 628 2280 et
644 2215 849 2284 Hannibale:
873 2220 913 2284 ab
928 2219 1030 2285 altero
1044 2229 1179 2307 propter

160 2317 360 2405 probitatem
377 2317 446 2382 eius
465 2339 530 2383 non
549 2318 646 2383 nimis
664 2318 786 2386 alienos
810 2322 935 2387 animos
952 2322 1119 2406 habemus,
1137 2323 1178 2388 al·

161 2427 268 2484 terum
285 2427 419 2505 propter
433 2419 657 2486 emdelitatem
673 2443 802 2508 semper
816 2423 896 2489 haee
910 2424 1024 2492 civitas
1039 2427 1154 2492 oderit.

226 2521 290 2586 IX.
312 2520 410 2600 Quod
421 2521 448 2586 si
459 2529 551 2588 tanta
561 2523 611 2588 vis
622 2524 795 2610 probitatis
806 2533 864 2609 est,
876 2529 1063 2593 uteamvcl
1073 2529 1110 2592 in
1121 2528 1176 2611 eis,
1186 2531 1228 2593 29

162 2645 243 2709 quos
264 2644 445 2709 numquam
466 2624 619 2707 vidimus,
633 2626 698 2709 vel,
715 2627 802 2713 quod
825 2628 931 2693 maius
952 2636 1011 2711 est,
1026 2630 1063 2693 in
1084 2629 1177 2695 hoste

162 2726 262 2792 etiam
285 2725 470 2813 diligamus,
488 2727 569 2812 quid
591 2728 715 2793 mirum
738 2736 797 2812 est,
824 2729 852 2794 si
877 2729 979 2794 animi
1005 2730 1177 2796 hominum

162 2835 364 2909 moveautm,
381 2849 456 2893 cum
478 2851 601 2912 eorum,
621 2831 816 2916 quibuscum
838 2851 900 2895 usu
921 2830 1087 2898 coniuncti
1109 2855 1176 2899 esse

161 2938 306 3018 possunt,
331 2930 491 2996 virtutem
513 2939 546 2997 et
568 2932 750 2998 bonitatem
772 2932 958 3019 perspicere
979 2934 1177 3001 videanturl

162 3055 360 3119 quamquam
377 3031 591 3098 confirmatur
612 3055 704 3100 amor
724 3043 758 3100 et
779 3034 939 3100 beneficio
1000 3065 1175 3113 Kindservioes

162 3141 295 3219 accepto
306 3142 340 3199 et
355 3135 463 3200 studio
475 3141 647 3221 perspecto
659 3142 692 3201 et
703 3137 939 3202 consuetudine
964 3123 1176 3241 ζῖζξξξξὴζξξζζξ]

162 3236 323 3317 adiuncta,
347 3236 465 3321 quibus
494 3238 591 3302 rebus
613 3238 654 3303 ad
676 3237 771 3302 illum
793 3238 939 3325 primum
965 3238 1062 3286 duocit.

162 3345 290 3402 motum
306 3337 408 3402 animi
430 3345 464 3404 et
486 3339 604 3403 amoris
626 3339 781 3405 adhibitis
803 3340 1003 3406 admirabilis
1019 3339 1177 3426 quaedam

163 3439 343 3505 exardescit
351 3439 597 3505 benevolentiae
608 3441 822 3527 magnitudo;
842 3463 940 3527 quam
951 3441 978 3506 si
991 3441 1048 3527 qui
1059 3448 1177 3527 putant

162 3542 203 3606 ab
225 3540 439 3608 inbecillitate
464 3539 636 3627 proficisci,
657 3549 695 3606 ut
718 3542 761 3606 sit
782 3564 843 3627 per
864 3565 962 3628 quem
983 3543 1178 3627 adsequatur
