2752 3928
221 237 263 300 30
523 233 561 288 M.
588 231 712 288 TULLII
736 232 937 289 olouuouls
967 287 969 292 .

219 405 339 493 gravis,
354 411 392 470 ut
406 405 542 470 memini
558 405 719 471 Catonem
734 427 819 471 anno
834 413 909 470 ante
921 427 1019 492 qnam
1030 411 1079 470 est
1090 412 1245 474 mortuus

220 528 350 572 mecum
373 514 503 572 etcum
526 507 678 595 Scipione
703 507 871 589 disserere,
893 515 1016 572 tamen
1031 506 1142 573 aufert
1168 532 1244 574 eam

221 655 433 716 audoisahadhe
457 610 669 693 viriditatem,
685 611 797 696 inqua
811 610 911 675 etiam
929 630 1018 674 nunc
1033 618 1101 675 crat
1118 611 1242 698 Scipio.

171 714 434 819 willevl'rliei'vldd
458 734 556 797 quam
581 713 623 777 cb
650 734 720 776 rem
745 712 812 776 vita
837 712 973 798 quidem
998 711 1071 777 talis
1096 712 1163 778 fnit
1187 714 1243 779 vel

221 844 253 876 uo
268 837 360 890 greater
370 830 432 876 hon·
457 813 592 878 fortuna
607 814 660 878 vel
674 813 787 899 gloria,
799 822 837 878 ut
852 813 936 877 nihil
952 823 1061 900 posset
1076 817 1242 894 accedere,

457 914 622 979 moriundi
637 922 748 978 antem
770 936 901 979 sensum
921 916 1069 981 celeritas
1085 918 1241 982 abstulit:

221 1038 287 1102 quo
312 1015 354 1080 de
382 1036 502 1103 genere
528 1016 643 1081 mortis
669 1015 801 1082 difficile
828 1017 919 1082 dictu
945 1025 1004 1101 est,
1031 1018 1111 1104 quid
1136 1017 1244 1083 homi-

221 1141 278 1184 nes
300 1119 505 1207 suspicentur
525 1119 654 1184 videtis.
698 1119 763 1186 hoc
784 1142 861 1186 vere
883 1128 994 1186 tamen
1018 1121 1095 1186 licet
1120 1121 1241 1202 dicere,

221 1221 262 1288 P.
279 1221 426 1310 Scipioni
444 1243 486 1287 ex
501 1221 614 1286 multis
630 1222 756 1305 diebus,
772 1244 854 1308 quos
875 1223 911 1287 in
926 1224 996 1288 vita
1011 1223 1242 1288 celeberrimos

221 1326 476 1410 laetissimosque
497 1325 628 1408 viderit,
651 1326 747 1390 illum
769 1326 858 1391 diem
880 1326 1097 1391 clarissimum
1126 1326 1240 1410 fuisse,

222 1450 299 1493 cum
313 1434 429 1491 senatu
443 1426 576 1491 dimisso
592 1427 727 1491 domum
742 1417 895 1492 reductus
911 1428 950 1493 ad
966 1450 1141 1514 vesperum
1158 1436 1241 1492 csta

222 1529 370 1617 patribus
391 1528 592 1614 conscriptis,
615 1529 738 1616 populo
759 1529 919 1611 Romano,
936 1531 1031 1595 sociis
1053 1540 1086 1596 et
1103 1529 1240 1613 Latinis,

222 1632 328 1719 pridie
351 1652 450 1717 quam
472 1631 608 1696 excessit
630 1654 648 1696 e
670 1632 748 1715 vita,
774 1640 809 1697 ut
831 1655 872 1698 ex
893 1641 961 1697 tam
983 1633 1049 1698 alto
1071 1633 1242 1720 dignitatis

180 1733 181 1736 ’
222 1734 327 1821 gradu
341 1734 383 1798 ad
402 1755 536 1819 superos
551 1733 701 1798 videatur
716 1735 793 1799 deos
812 1734 923 1822 potius
939 1755 1036 1821 quam
1052 1736 1092 1799 ad
1115 1734 1242 1800 inferos

222 1835 417 1922 pervenisse.

174 1937 214 1999 13
239 2005 241 2008 ,
262 1993 375 2041 Laelius
390 2009 434 2042 as·
524 1937 587 2006 IV.
611 1937 730 2024 Neque
746 1939 835 2004 enim
847 1939 1011 2032 adsentior
1025 1939 1075 2026 iis,
1088 1938 1145 2025 qui
1160 1939 1243 2004 haec

224 2058 284 2098 sens
304 2052 343 2098 rus
363 2053 439 2100 belief
460 2063 566 2127 nuper
584 2041 739 2106 disserere
755 2049 940 2128 coeperunt,
957 2063 1032 2106 cnm
1053 2041 1243 2127 corporibus

223 2111 428 2172 mrmmortanty,
460 2143 557 2206 simul
577 2142 702 2206 animos
724 2142 867 2223 interire,
884 2149 982 2226 atque
1005 2140 1116 2206 omnia
1135 2148 1243 2205 morte

225 2240 348 2306 deleri:
369 2242 444 2328 plus
466 2243 555 2328 apud
576 2266 630 2308 me
653 2244 862 2329 antiquorum
884 2243 1058 2308 auctoritas
1075 2241 1170 2323 valet,
1187 2241 1242 2306 vel

223 2351 408 2407 nostrorum
436 2346 608 2428 maiorum,
639 2346 697 2431 qui
725 2347 863 2410 mortuis
892 2353 961 2410 tam
991 2345 1142 2431 religiosa
1171 2345 1243 2408 iura

224 2445 420 2528 tribuerunt,
436 2447 525 2532 quod
540 2469 607 2511 non
628 2446 783 2512 fecissent
804 2447 964 2533 profect0,
980 2447 1007 2511 si
1029 2447 1113 2510 nihil
1130 2446 1173 2510 ad
1187 2467 1243 2510 eos

223 2547 386 2634 pertinere
401 2549 646 2632 arbitrarentur,
662 2549 717 2614 vel
732 2571 855 2632 eorum,
871 2550 928 2634 qui
950 2549 985 2612 in
1006 2549 1068 2613 hac
1083 2556 1170 2614 terra
1191 2548 1243 2612 fu-

224 2659 320 2716 cnmt
340 2673 560 2740 magnamque
575 2651 757 2734 Graeciam,
774 2673 856 2736 qnae
877 2673 965 2716 nunc
980 2651 1114 2737 quidem
1136 2651 1243 2716 deleta

224 2761 282 2836 cst,
309 2761 380 2818 tum
405 2753 551 2836 florebat,
577 2754 736 2820 institutis
763 2761 795 2819 et
820 2753 1002 2838 praeceptis
1026 2753 1092 2817 suis
1118 2753 1243 2819 erudie-

223 2863 311 2936 runt,
341 2856 397 2921 vel
425 2857 504 2938 eins,
536 2857 592 2943 qui
625 2856 792 2943 Apollinis
822 2855 953 2920 oraculo
986 2855 1242 2940 sapientissimus

224 2963 272 3021 est
293 2957 465 3039 iudicatus,
490 2958 547 3043 qui
569 2979 636 3022 non
660 2967 732 3022 tum
755 2959 827 3039 hoc,
851 2965 924 3022 tum
945 2956 1039 3039 illud,
1059 2965 1097 3021 ut
1119 2958 1155 3021 in
1177 2957 1243 3042 ple

224 3058 341 3143 risque,
372 3058 540 3124 sedidem
571 3080 708 3144 semper,
739 3061 863 3124 animos
894 3059 1067 3124 hominum
1100 3080 1168 3123 esse
1197 3058 1243 3122 di-

224 3161 318 3224 vinos
340 3160 454 3245 iisque,
478 3183 552 3226 eum
575 3182 616 3225 ex
638 3181 773 3246 corpore
795 3163 1016 3244 excessissent,
1037 3161 1181 3226 reditum
1207 3160 1242 3223 in

224 3261 348 3327 caelum
372 3271 483 3349 patere
507 3270 707 3349 optumoque
723 3270 756 3327 et
777 3263 954 3329 iustissimo
970 3263 1089 3349 cuique
1112 3260 1244 3347 expedi·
1291 3274 1305 3300 ·

175 3364 217 3426 14
225 3363 397 3428 tissimum.
442 3364 529 3449 quod
552 3364 642 3428 idem
658 3363 804 3450 Scipioni
818 3365 1001 3445 videbatur,
1019 3364 1077 3450 qui
1098 3363 1241 3448 quidem,

226 3466 316 3549 quasi
331 3466 539 3550 praesagiret,
552 3465 721 3551 perpaucis
736 3474 811 3530 ante
826 3473 966 3529 mortem
981 3466 1105 3548 diebus,
1118 3486 1195 3528 cum
1210 3471 1243 3528 et

226 3564 343 3631 Philus
365 3575 399 3631 et
413 3565 569 3630 Manilius
588 3567 737 3631 adessent
758 3573 791 3630 et
814 3565 869 3629 alii
891 3565 1010 3651 plures,
1026 3573 1130 3651 tuque
1144 3565 1243 3630 ctiam
