2752 3928
505 239 671 312 11111116,
699 245 793 297 aaa.
1117 247 1158 308 59

140 413 292 480 habenda
304 413 387 479 ratio
402 421 434 479 et
449 413 617 502 diligentia
630 422 688 498 est,
703 415 848 501 primum
869 423 907 480 ut
925 415 1063 481 monitio
1077 439 1160 482 acer

140 517 252 600 bitate,
269 516 387 581 deinde
401 523 439 581 nt
454 516 636 604 obiurgatio
655 517 851 582 contumelia
873 526 994 601 careat3
1016 519 1051 582 in
1074 521 1160 584 obse·

141 620 220 706 quio
236 626 354 700 autem,
371 619 523 704 qnoniam
539 618 733 685 Terentiano
751 620 851 685 verbo
866 619 1004 684 libenter
1024 621 1157 705 utimur,

142 721 276 786 comitas
291 719 382 803 adsit,
399 719 585 804 adsentatio,
602 721 758 785 vitiorum
774 721 924 804 adiutrix,
940 722 1053 808 procul
1075 745 1160 788 amo

141 832 265 906 veatur,
277 844 359 909 quae
369 843 436 887 non
447 823 546 887 modo
557 823 670 906 arnico,
682 824 738 888 sed
749 845 790 888 ne
804 824 906 890 libero
918 824 1050 910 quidem
1062 826 1160 913 digna

141 933 210 1008 est3
232 925 324 990 aliter
339 924 516 989 enimcum
538 932 685 1011 tyranno,
701 925 795 990 aliter
810 947 885 990 cum
905 926 1010 990 amico
1024 927 1157 994 vivitur.

141 1027 234 1092 cuius
249 1033 358 1090 autem
380 1045 471 1090 aures
492 1026 617 1091 clausae
631 1027 760 1091 veritati
775 1034 859 1109 sunt,
875 1034 913 1091 ut
927 1029 968 1093 ab
990 1029 1092 1093 amico
1107 1050 1160 1094 ve
1169 1033 1210 1094 90

141 1150 217 1192 rum
232 1128 343 1193 audire
357 1135 506 1214 nequeat,
522 1127 619 1192 huius
633 1129 717 1192 salus
732 1129 930 1214 desperanda
951 1137 999 1194 est
1011 1151 1020 1212 ;
1042 1131 1159 1195 scitmn

142 1240 191 1295 est
214 1231 302 1295 enim
324 1231 407 1295 illud
422 1230 563 1313 Catonis,
579 1239 617 1295 nt
637 1231 751 1313 multa,
767 1231 882 1296 melius
903 1231 944 1296 de
966 1233 1160 1317 quibusdam

142 1334 273 1398 acerbos
297 1333 446 1398 inimicos
471 1333 587 1398 mereri
612 1355 711 1420 quam
737 1355 790 1398 eos
816 1333 944 1417 amicos,
968 1335 1026 1420 qni
1050 1334 1159 1400 dulces

141 1437 331 1501 videantur:
367 1437 440 1501 illos
468 1458 584 1501 verum
612 1458 707 1522 saepe
736 1433 852 1519 dicere,
882 1435 941 1501 hos
968 1457 1157 1524 numquam.

142 1546 240 1625 atquc
254 1539 337 1603 illud
351 1539 536 1621 absurdum,
556 1539 646 1624 quod
664 1538 697 1621 ii,
714 1537 771 1624 qui
792 1547 974 1622 monentur,
999 1561 1071 1604 earn
1093 1563 1160 1605 mo

142 1641 278 1724 lestiam,
294 1663 392 1727 quam
408 1641 528 1706 debent
542 1662 666 1726 capere,
681 1661 748 1705 non
764 1642 906 1728 capiunt,
922 1663 994 1705 eam
1016 1643 1158 1728 capiunt,

142 1765 209 1829 qua
233 1743 353 1809 debent
377 1755 521 1826 vacare3'
542 1763 688 1829 peccasse
711 1745 800 1807 enim
828 1767 861 1808 66
894 1766 960 1808 non
985 1751 1157 1832 anguntur,

143 1846 308 1932 obiurgari
321 1846 456 1912 moleste
469 1845 600 1910 ferunt:
623 1845 711 1931 quod
725 1853 837 1910 contra
852 1847 1028 1934 oportebat,
1042 1845 1159 1911 delicto

142 1947 261 2028 dolere,
278 1949 473 2013 correctione
494 1949 643 2035 gaudere.

210 2049 325 2114 XXV.
349 2049 396 2114 Ut
417 2049 518 2138 igitur
535 2059 568 2115 et
589 2071 721 2116 monere
742 2059 776 2115 et
797 2047 923 2116 moneri
947 2048 997 2097 but
1008 2049 1125 2153 santorp
1135 2048 1159 2095 ³⁵
1169 2051 1209 2114 91

143 2152 315 2239 proprium
340 2161 389 2216 661
413 2173 508 2217 verae
536 2153 696 2217 amicitiae
725 2161 758 2218 et
786 2153 923 2218 alterum
947 2113 974 2211 ii
988 2107 1160 2224 iieisidssoiiil

143 2254 245 2318 libere
259 2253 374 2336 iacere,
390 2275 456 2318 uon
470 2276 589 2340 aspere,
605 2255 740 2320 alterum
763 2255 924 2342 patienter
948 2228 973 2270 ⁸⁰
983 2221 1128 2284 strenusnp,

143 2354 297 2441 accipere,
314 2377 380 2420 non
401 2364 625 2443 repugnanter,
641 2357 687 2421 sic
708 2356 893 2422 habendum
912 2362 960 2420 661
981 2356 1104 2420 nullam
1125 2354 1158 2418 in

143 2457 294 2522 amicitiis
315 2465 439 2544 pestem
457 2480 524 2524 6666
544 2459 699 2523 maiorem
715 2482 812 2545 quam
833 2459 1058 2540 adulationem,
1073 2457 1161 2523 blan-

144 2560 269 2642 ditiam,
285 2560 555 2644 adsentationem3
577 2563 724 2648 quamvis
739 2562 827 2626 enirn
843 2562 955 2625 multis
977 2559 1160 2626 nominibus

144 2671 194 2728 661
215 2661 277 2728 hoc
291 2663 409 2727 vitium
422 2665 601 2729 notandum
622 2664 745 2729 levium
766 2662 937 2729 hominum
959 2671 1054 2750 atquc
1073 2662 1161 2726 falla-

145 2765 242 2848 cium,
259 2765 301 2831 ad
318 2765 518 2831 voluntatem
540 2767 743 2852 loquentium
758 2765 874 2847 omnia,
889 2762 973 2828 nihil
994 2763 1034 2828 ad
1048 2762 1162 2828 verita·

144 2874 221 2932 tem.
266 2889 341 2933 cnm
356 2876 464 2932 autem
479 2869 626 2932 omnium
640 2890 748 2932 rerum
764 2866 925 2931 simulatio
939 2865 1055 2930 vitiosa
1070 2873 1161 2930 est-
1170 2869 1210 2930 92

145 2970 231 3034 tollit
242 2971 329 3035 enim
344 2970 501 3036 iudicium
512 2972 581 3036 veri
596 2972 695 3056 idque
706 2971 988 3054 adulterat-tum
1003 2968 1160 3033 amicitiae

144 3080 304 3159 repugnat
315 3073 474 3137 maxime:
493 3074 579 3138 delet
590 3073 677 3138 enim
691 3073 870 3155 veritatem,
883 3072 950 3137 sino
965 3094 1029 3159 qua
1042 3094 1161 3137 nomen

145 3173 304 3238 amicitiae
318 3175 425 3239 valere
438 3195 505 3239 non
526 3183 641 3261 potest.
686 3197 761 3240 nam
779 3198 855 3241 cum
877 3174 1035 3240 amicitiae
1049 3174 1098 3238 vis
1121 3172 1161 3236 611

145 3275 181 3339 in
196 3297 243 3356 eo,
259 3283 296 3339 ut
310 3298 394 3340 unus
410 3276 499 3362 quasi
519 3277 644 3342 animus
658 3276 715 3342 fiat
729 3301 770 3343 ex
784 3277 941 3365 pluribus,
958 3277 1013 3362 qui
1035 3276 1069 3339 id
1091 3273 1161 3338 ficri

144 3376 276 3463 poterit,
292 3377 318 3442 61
340 3401 381 3443 ne
403 3378 438 3442 in
459 3399 526 3443 uno
545 3380 677 3464 quidem
699 3401 828 3466 quoque
849 3401 933 3442 nnus
955 3378 1079 3442 animus
1102 3375 1162 3440 erit

145 3479 298 3565 idemque
323 3502 459 3566 semper,
483 3480 538 3545 sed
560 3481 677 3562 varius,
700 3479 945 3561 commutabilis,
968 3476 1161 3564 multiplex?

145 3582 225 3668 quid
247 3582 336 3648 6111111
361 3591 469 3669 potest
490 3605 558 3647 6666
572 3589 639 3646 tam
653 3581 805 3664 flexibile,
821 3590 889 3645 tam
911 3580 1044 3645 devium
1065 3580 1213 3664 quam93
