2752 3928
520 215 687 286 11111110,
714 217 809 271 aaa.
1131 221 1171 286 35

153 389 289 476 aliquod
311 389 460 454 intuetur
485 389 545 455 sui.
590 389 741 475 quocirca
764 397 798 455 01
823 391 970 456 0110011100
995 391 1113 457 adsunt
1138 400 1172 458 et

153 501 290 580 egentes
312 491 480 558 abundant
495 500 528 556 et
550 491 697 557 inbecilli
713 491 823 556 valent
838 499 880 574 et,
897 493 986 579 quod
1008 493 1172 560 difficilius

154 595 246 659 dictu
268 601 326 675 001,
350 593 471 659 mortui
493 593 629 658 vivunt:
659 600 770 658 tantus
792 615 846 659 eos
867 593 981 676 honos,
1004 596 1171 679 memoria,

154 696 353 761 desiderium
375 695 581 782 prosequitur
603 694 801 779 amicorum3
824 718 946 783 exque
967 697 1099 762 illorum
1123 699 1174 763 be-

153 807 207 863 ata
227 819 315 864 mors
331 798 472 880 videtur,
494 796 613 863 horum
627 798 697 861 vita
718 797 901 864 laudabilis.
945 799 1034 884 quod
1053 800 1080 864 si
1102 822 1174 865 exe

152 900 253 965 meris
278 922 319 965 ex
340 923 451 966 rerum
477 908 592 965 natura
619 899 868 966 benevolentiae
896 902 1172 985 coniunctionem,

153 1025 215 1068 nec
230 1002 348 1068 domus
369 1002 437 1067 ulla
451 1024 511 1067 nec
533 1003 611 1067 urbs
635 1010 719 1067 stare
740 1007 873 1088 poterit,
888 1026 931 1068 110
946 1006 1015 1092 agri
1038 1005 1172 1091 quidem

153 1105 260 1170 cultus
274 1104 489 1190 permanebit.
535 1104 570 1169 id
584 1105 612 1168 si
634 1105 742 1169 minus
757 1104 969 1192 intellegitur,
987 1114 1107 1192 quanta
1122 1107 1172 1172 vis

153 1207 315 1272 amicitiae
337 1207 595 1292 concordiaeque
613 1206 665 1290 sit,
681 1228 722 1272 ex
744 1207 997 1273 dissensionibus
1019 1215 1116 1295 atque
1131 1231 1172 1274 ex

154 1309 323 1375 discordiis
346 1308 487 1396 perspici
508 1316 636 1394 potest:
663 1330 745 1395 quae
769 1307 859 1374 enim
881 1309 997 1374 domus
1017 1317 1087 1374 tam
1112 1318 1173 1375 sta·

153 1411 239 1492 bilis,
256 1432 338 1496 quae
352 1419 421 1475 tam
443 1410 538 1475 firma
560 1410 675 1476 civitas
698 1418 756 1492 est,
772 1431 855 1497 quae
869 1432 936 1475 non
951 1411 1036 1476 odiis
1056 1419 1089 1476 et
1111 1412 1173 1477 dis·

154 1513 249 1579 cidiis
263 1512 415 1578 funditus
429 1513 532 1599 possit
548 1513 675 1578 evertil
719 1535 760 1577 ex
776 1535 842 1599 quo
858 1521 1017 1599 quantum
1033 1514 1111 1579 boni
1129 1515 1172 1580 sit

154 1615 190 1679 in
205 1614 347 1680 amicitia
363 1615 499 1679 iudicari
514 1623 631 1702 potest.
677 1614 937 1702 Agrigentinum
949 1616 1084 1702 quidem
1099 1616 1172 1682 doc·
1181 1621 1224 1684 24

154 1725 226 1782 tum
256 1717 420 1805 quendam
442 1717 551 1782 virum
579 1717 779 1783 carminibus
805 1717 936 1784 Graecis
958 1718 1169 1784 vaticinatum

153 1819 276 1903 ferunt,
292 1821 425 1907 quaein
440 1841 551 1884 rerum
565 1828 682 1884 natura
696 1827 831 1906 totoque
846 1821 972 1886 mundo
988 1830 1172 1886 constarent

153 1943 303 2008 quaeque
317 1929 538 2004 moverentur,
554 1943 593 1986 ea
606 1923 797 1988 contrahere
812 1922 1000 2004 amicitiam,
1016 1922 1171 2009 dissipare

153 2024 372 2104 discordiam3
395 2030 492 2108 atque
506 2022 570 2088 hoc
585 2024 718 2110 quidem
734 2047 847 2090 omnes
862 2024 1015 2090 mortales
1030 2033 1064 2089 01
1079 2025 1172 2090 111101-

153 2127 271 2213 legunt
283 2133 315 2190 et
327 2147 363 2190 10
374 2113 523 2212 probant.
568 2127 690 2214 itaque,
702 2129 729 2192 si
741 2130 872 2215 quando
883 2129 1014 2216 aliquod
1028 2127 1170 2194 officium

154 2228 281 2294 exstitit
297 2229 391 2295 amici
406 2229 441 2294 in
457 2231 610 2316 periculis
625 2239 682 2297 aut
697 2231 854 2297 adeundis
865 2241 921 2298 aut
932 2232 1172 2298 communican-

154 2331 215 2413 dis,
230 2331 302 2418 quis
322 2339 371 2396 est
386 2332 443 2418 qui
465 2332 501 2396 id
522 2355 589 2399 non
610 2334 762 2400 maximis
785 2335 899 2400 efferat
921 2334 1091 2400 laudibusl
1114 2334 1171 2419 qui

154 2433 311 2500 clamores
328 2442 398 2499 tota
412 2457 510 2500 cavea
528 2459 635 2523 nuper
656 2438 692 2501 in
713 2437 851 2523 hospitis
867 2445 899 2502 et
921 2437 1018 2502 amici
1039 2437 1105 2502 mei
1120 2435 1169 2502 M.

154 2534 298 2601 Pacuvii·
307 2558 394 2602 nova
407 2537 542 2603 fabula!
566 2562 651 2620 cum,
666 2540 838 2626 ignorante
855 2561 933 2626 rege
948 2547 1023 2604 uter
1038 2538 1171 2604 Orestes

154 2645 240 2720 00001,
256 2636 408 2722 Pylades
424 2637 575 2705 Orestem
590 2663 623 2705 00
639 2663 707 2706 0000
722 2641 854 2722 diceret,
869 2649 907 2704 ut
926 2663 986 2726 pro
1007 2641 1066 2706 1110
1080 2663 1172 2706 neca-

154 2747 255 2821 retur,
271 2738 404 2804 Orestes
419 2748 539 2824 autem,
555 2743 653 2807 itaut
668 2750 745 2823 0101,
763 2742 915 2807 Orestem
930 2763 965 2806 00
979 2764 1047 2808 0000
1067 2765 1172 2828 perse

154 2850 294 2908 veraret.
338 2850 461 2909 stantes
482 2843 681 2930 plaudebant
702 2845 739 2909 in
761 2867 796 2910 re
817 2844 913 2910 ficta:
938 2844 1019 2931 quid
1041 2846 1171 2911 arbitra-

153 2965 230 3009 mur
244 2945 279 3009 in
292 2966 368 3011 vera
383 2945 528 3011 facturos
543 2946 666 3011 fuisset
688 2945 783 3011 facile
799 2947 961 3013 indicabat
976 2947 1047 3033 ipsa
1055 2955 1171 3012 natura

154 3046 224 3109 vim
239 3068 340 3128 suam,
357 3069 433 3114 cum
447 3048 606 3129 homines,
623 3048 711 3134 quod
733 3048 841 3115 facere
856 3049 920 3136 ipsi
942 3071 1007 3114 non
1029 3057 1169 3136 possent,

155 3147 189 3212 id
205 3157 292 3214 recte
307 3148 379 3214 fieri
394 3150 428 3213 in
444 3150 546 3215 altero
561 3150 752 3215 iudicarent.

219 3249 389 3316 Hactenus
410 3251 494 3316 mihi
516 3252 631 3318 videor
660 3254 701 3318 de
731 3252 875 3317 amicitia
900 3251 981 3340 quid
1016 3252 1171 3316 sentirem

155 3352 299 3436 potuisse
311 3353 437 3418 dicere:
460 3354 487 3418 si
499 3375 564 3439 qua
578 3363 743 3441 praeterea
755 3356 1091 3419 sunt-credoautem
1103 3374 1171 3417 esse

154 3453 354 3537 multa-ab
376 3455 425 3537 iis,
447 3456 475 3520 si
498 3456 673 3539 videbitur,
688 3455 747 3541 qui
768 3457 831 3520 ista
853 3456 1033 3542 disputant,
1048 3454 1172 3544 quaeri·

154 3563 231 3622 1010.
977 3579 979 3584 ·
