2752 3928
519 225 687 298 casurus,
715 231 809 283 17-21.
1133 234 1174 294 33

149 399 235 466 cedi.
282 419 417 486 agamus
432 399 535 486 igitur
549 400 676 486 pingui,
691 408 729 465 ut
744 401 846 483 aiunt,
862 400 1032 466 Minerva:
1055 402 1113 487 qui
1129 403 1175 468 ita
1185 406 1225 468 19

150 525 185 568 se
200 510 331 589 gerunt,
343 502 390 566 ita
405 501 533 583 vivunt,
543 510 581 566 ut
596 524 709 568 corum
723 505 881 588 probetur
889 502 980 586 fides,
994 504 1173 591 integritas,

151 605 309 691 aequitas,
324 603 510 687 liberalitas,
526 626 587 670 nec
604 605 647 670 sit
669 605 766 670 ineis
788 605 855 670 ulla
873 607 1043 692 cupiditas,
1060 608 1173 690 libido,

151 707 296 788 audacia,
313 707 443 791 sintque
463 728 582 792 magna
602 708 794 789 constantia,
810 715 848 771 ut
868 709 892 771 ii
914 707 1060 792 fuerunt,
1076 711 1174 775 modo

152 831 235 895 quos
251 808 430 890 nominavi,
445 807 504 873 hos
521 809 605 873 viros
619 811 731 892 bonos,
748 816 785 874 ut
799 809 904 874 habiti
920 818 1004 894 sunt,
1014 812 1060 876 sic
1075 813 1174 876 etiam

69 925 73 930 '
151 911 363 998 appellandos
378 917 543 996 putemus,
559 910 636 996 quia
650 919 839 998 sequantur,
851 921 1011 998 quantum
1026 913 1175 980 homiues

152 1021 300 1100 possunt,
321 1021 470 1078 naturam
492 1021 662 1098 optumam
687 1015 771 1079 bene
797 1015 933 1080 vivendi
957 1015 1084 1080 ducem.
1129 1017 1175 1080 sic

152 1117 243 1181 enim
257 1115 341 1180 mihi
357 1115 539 1202 perspicere
555 1115 680 1197 videor,
698 1117 744 1180 ita
759 1123 852 1180 natos
868 1139 1019 1200 essenos,
1035 1127 1073 1182 ut
1088 1119 1175 1182 inter

153 1219 261 1284 omnis
281 1226 364 1282 esset
386 1218 522 1283 societas
538 1219 709 1303 quaedam,
725 1219 829 1282 maior
844 1227 964 1302 autem,
980 1228 1018 1284 ut
1038 1220 1174 1305 quisque
1247 1241 1249 1244 ·

152 1320 304 1407 proxime
326 1321 503 1386 accederet,
558 1320 670 1406 itaque
693 1321 779 1386 cives
801 1321 942 1407 potiores
964 1341 1063 1407 quam
1085 1343 1175 1407 pere·

152 1423 251 1510 grini,
268 1422 445 1509 propinqui
460 1444 559 1510 quam
575 1422 695 1488 alieni:
719 1446 796 1489 cum
818 1423 869 1488 his
890 1424 979 1488 enim
995 1425 1173 1489 amicitiam

152 1535 270 1591 natura
292 1527 362 1613 ipsa
383 1527 521 1612 peperit,
537 1526 595 1592 sed
619 1547 742 1592 canon
766 1529 842 1592 satis
866 1527 965 1592 habet
987 1527 1152 1592 firmitatis
1164 1551 1173 1611 ;

153 1651 302 1715 namque
326 1629 388 1694 hoc
413 1636 555 1716 praestat
579 1630 723 1694 amicitia
747 1630 996 1716 propinquitati,
1020 1633 1109 1716 quod
1132 1653 1173 1695 ex

153 1732 398 1818 propinquitate
417 1731 648 1797 benevolentia
665 1731 737 1796 tolli
759 1741 876 1818 potest,
893 1755 933 1798 cx
949 1733 1092 1798 amicitia
1105 1755 1172 1797 non

153 1843 282 1921 potest3
305 1834 432 1899 sublata
453 1837 542 1899 enim
558 1834 789 1900 benevolentia
804 1836 965 1900 amicitiae
980 1858 1100 1900 nomen
1115 1837 1174 1900 tol-

152 1935 243 2018 litur,
256 1937 507 2022 propinquitatis
519 1945 641 2002 manet.
687 1944 809 2022 quanta
823 1946 934 2002 autem
948 1938 995 2000 vis
1011 1937 1172 2002 amicitiae
1183 1941 1223 2001 20

153 2035 208 2115 sit,
224 2057 265 2098 ex
281 2035 342 2098 hoc
359 2035 507 2122 intellegi
525 2038 668 2101 maxime
683 2045 802 2123 potest,
819 2037 906 2123 quod
924 2059 966 2101 ex
983 2036 1112 2101 infinita
1127 2059 1174 2102 so-

153 2136 273 2201 cietate
287 2137 415 2223 generis
429 2137 573 2219 humani,
587 2161 687 2226 quam
699 2139 886 2204 conciliavit
901 2140 971 2226 ipsa
985 2147 1112 2221 natura,
1128 2140 1174 2204 ita

153 2245 383 2304 contracturos
395 2247 487 2306 estet
499 2241 883 2328 adductainangustum,
895 2241 1047 2306 utomnis
1059 2243 1173 2307 caritas

153 2352 211 2406 aut
227 2341 313 2406 inter
327 2341 409 2406 duos
424 2351 480 2408 aut
495 2343 582 2408 inter
597 2365 718 2429 paucos
732 2345 932 2431 iungeretur.

129 2523 136 2534 .
218 2441 282 2508 VI.
305 2441 366 2508 Est
381 2444 470 2508 enim
492 2445 637 2509 amicitia
658 2446 743 2509 nibil
761 2446 852 2511 aliud
873 2447 936 2510 nisi
961 2435 1173 2541 tiofflgefsffigffg·

153 2545 507 2610 omniumdivinarum
527 2545 811 2634 humanarumque
825 2569 936 2613 rerum
961 2551 1147 2612 carpuneno,

153 2669 230 2711 cum
241 2647 470 2712 benevolentia
479 2656 512 2712 et
521 2649 654 2714 caritate
664 2649 847 2714 consensio:
863 2671 928 2735 qua
939 2649 1071 2734 quidem
1084 2648 1173 2713 haud

153 2749 221 2814 scic
234 2771 275 2813 an
288 2757 423 2834 excepta
438 2751 596 2838 sapientia
607 2752 690 2816 nihil
707 2753 824 2816 melius
838 2751 964 2815 homini
980 2750 1021 2814 sit
1032 2770 1051 2813 a
1063 2750 1112 2814 dis
1126 2750 1173 2812 in-

154 2850 347 2917 mortalibus
363 2852 486 2917 datum.
532 2853 663 2918 divitias
679 2855 734 2918 alii
751 2859 966 2940 praeponunt,
982 2853 1102 2917 bonam
1117 2851 1171 2916 alii

153 2953 387 3035 valetudinem,
410 2954 466 3019 alii
488 2957 680 3042 potentiam,
704 2957 759 3021 alii
781 2955 931 3037 honores,
953 2953 1051 3019 multi
1073 2954 1173 3020 etiam

154 3056 351 3143 voluptates:
374 3058 544 3124 beluarum
560 3059 623 3125 hoc
636 3059 771 3146 quidem
782 3067 976 3141 extremum,
992 3058 1049 3122 illa
1063 3065 1173 3122 autem

154 3160 321 3244 superiora
335 3161 457 3226 caduca
478 3168 512 3226 et
533 3163 666 3242 ineerta,
683 3162 870 3248 positanon
892 3169 961 3226 tam
982 3161 1017 3224 in
1033 3159 1173 3226 consiliis

155 3260 273 3324 nostris
288 3281 385 3346 quam
408 3263 445 3326 in
467 3262 620 3328 fortunae
634 3263 838 3347 temeritate3
862 3263 919 3348 qui
934 3270 1042 3327 autem
1060 3261 1096 3324 in
1112 3261 1173 3325 vir·

156 3369 227 3426 tute
242 3384 409 3428 summum
424 3366 546 3430 bonum
562 3373 700 3450 ponunt,
717 3364 881 3450 praeclare
896 3364 942 3427 illi
960 3363 1103 3449 quidem,
1116 3361 1173 3425 sed

154 3463 235 3528 haec
256 3463 327 3549 ipsa
347 3464 453 3530 virtus
475 3467 653 3531 amicitiam
680 3474 713 3530 et
738 3467 847 3552 gignit
871 3473 905 3530 et
931 3464 1085 3545 continet,
1112 3485 1172 3528 nec

154 3565 225 3631 sine
245 3565 368 3631 virtute
390 3567 533 3632 amicitia
554 3587 624 3632 csse
644 3565 713 3631 ullo
738 3575 834 3652 pacto
859 3573 975 3650 potest.
1020 3566 1085 3627 iam
1110 3565 1220 3627 vir-21
