2752 3928
202 163 243 224 38
505 158 541 212 M.
567 157 689 212 TULLII
714 157 916 212 CICERONIS

203 330 291 416 quod
316 330 454 416 quisque
479 329 651 411 desideret,
677 328 839 408 humilem
864 350 941 394 sane
967 329 1160 416 relinquunt
1185 338 1220 396 et

201 432 339 496 minime
354 453 559 519 generosum,
571 438 610 496 ut
623 430 670 496 ita
684 430 800 513 dicam,
813 438 922 495 ortmn
935 430 1107 514 amicitiae,
1120 454 1220 518 quam

202 556 243 600 ex
261 533 373 620 inopia
394 540 491 620 atque
513 532 697 620 indigentia
717 536 828 596 natam
850 528 986 598 ¹volunt:
1012 534 1101 618 quod
1123 535 1150 598 si
1172 535 1220 600 ita

202 643 295 717 esset,
309 635 496 722 utquisque
510 635 687 700 minimum
702 655 770 699 esse
785 633 821 697 in
836 655 870 698 se
885 633 1106 717 arbitraretur,
1115 635 1162 700 ita
1177 637 1220 701 ad

152 741 193 802 30
202 738 381 803 amicitiam
404 745 488 803 esset
511 736 707 823 aptissimus,
730 736 819 822 quod
841 735 940 823 longe
964 757 1055 801 secus
1078 744 1136 803 est.
1180 745 1220 803 ut

41 824 46 836 ⁶
202 839 292 904 enim
307 839 445 925 quisque
458 839 521 904 sibi
535 839 717 926 plurimum
733 836 870 904 confidit
885 846 918 904 et
929 846 967 902 ut
979 838 1116 924 quisque
1131 861 1221 904 max·

201 941 268 1006 ime
283 939 406 1004 virtute
421 947 456 1004 et
477 940 636 1026 sapientia
657 940 703 1016 sio
718 939 866 1004 munitus
882 947 940 1022 est,
955 947 994 1004 ut
1007 939 1101 1004 nullo
1123 949 1220 1028 egeat

202 1064 323 1129 suaque
337 1042 448 1107 omnia
468 1042 504 1107 in
519 1063 553 1108 se
574 1042 647 1128 ipso
668 1042 775 1128 posita
795 1042 929 1124 indicet,
945 1042 992 1108 ita
1013 1043 1049 1106 in
1065 1043 1219 1108 amicitiis

202 1144 394 1231 expetendis
416 1143 627 1230 colendisque
649 1143 792 1208 maxime
814 1143 955 1209 excellit.
1001 1144 1081 1229 quid
1104 1144 1219 1210 enimi

202 1245 382 1313 Africanus
403 1246 556 1334 indigens
570 1247 660 1311 meil
702 1245 841 1312 minime
861 1245 1017 1311 herculei
1040 1268 1077 1311 ac
1097 1268 1140 1311 ne
1155 1268 1219 1334 ego

202 1349 337 1435 quidem
347 1349 453 1414 illius:
473 1348 531 1413 sed
542 1369 603 1435 ego
615 1347 829 1412 admiratione
841 1348 981 1434 quadam
992 1347 1125 1413 vimutb
1137 1349 1217 1432 eius,

170 1527 172 1530 ¹
201 1450 257 1516 ille
273 1449 416 1514 vicissim
431 1449 586 1536 opinione
602 1449 739 1514 fortasse
759 1471 827 1514 non
848 1449 948 1533 11111111,
965 1471 1063 1536 quam
1079 1451 1119 1516 de
1133 1452 1218 1517 meis

201 1553 346 1618 moribus
361 1550 510 1635 habebat,
526 1574 580 1618 me
596 1552 730 1635 dilexit,
753 1553 844 1616 auxit
865 1553 1129 1618 benevolentiam
1144 1575 1218 1619 con·

201 1654 349 1720 suetudo.
394 1653 452 1719 sed
475 1675 673 1740 quamquam
695 1654 854 1719 utilitates
874 1655 998 1719 multae
1021 1662 1056 1720 et
1077 1677 1217 1742 magnae

202 1765 391 1822 consecutae
406 1763 492 1838 sunt,
506 1778 575 1821 non
596 1763 673 1821 sunt
694 1763 805 1821 tamen
827 1757 867 1821 ab
889 1779 1002 1822 earum
1024 1779 1081 1843 spe
1104 1779 1216 1824 causae

151 1863 191 1925 31
202 1861 363 1950 diligendi
373 1861 559 1948 profectae3
573 1868 612 1925 ut
622 1861 711 1926 euim
720 1857 859 1926 benefici
870 1859 1083 1944 liberalesque
1094 1881 1214 1943 sumus,

200 1985 268 2030 non
282 1973 320 2030 ut
335 1966 503 2053 exigamus
517 1965 807 2053 gratiam-neque
827 1963 918 2028 enim
938 1960 1136 2028 beneficium
1151 1962 1216 2028 fae-

200 2069 464 2151 neramur,-sed
477 2076 594 2134 natura
607 2067 763 2156 propensi
778 2067 819 2132 ad
840 2067 1071 2132 liberalitatem
1093 2088 1214 2148 sumus,

200 2169 246 2234 sic
262 2171 437 2236 amicitiam
451 2193 520 2236 non
534 2194 591 2258 spe
605 2171 766 2236 mercedis
781 2170 923 2253 adducti,
936 2171 993 2235 sed
1005 2170 1093 2257 quod
1108 2169 1215 2235 omnis

200 2271 270 2338 eius
285 2272 411 2338 fruetus
431 2273 479 2337 in·
489 2273 561 2359 ipso
576 2295 685 2338 amore
699 2273 794 2356 inest,
810 2273 1029 2360 expetendam
1050 2280 1213 2360 putamus.

151 2378 192 2440 32
201 2376 242 2441 ab
266 2374 327 2457 his,
349 2375 405 2461 qni
427 2376 593 2461 pecudum
618 2376 686 2440 ritu
712 2376 752 2441 ad
773 2376 979 2463 voluptatem
1001 2377 1111 2440 omnia
1132 2375 1217 2441 refe-

200 2485 286 2559 runt,
302 2477 400 2565 longe
421 2477 628 2561 dissentiunt,
652 2500 713 2544 nec
734 2478 875 2561 mirum3
896 2477 983 2542 nibil
997 2478 1087 2542 enim
1101 2477 1213 2561 altum,

200 2576 285 2640 nihil
298 2577 511 2666 magnificum
526 2599 563 2643 ao
578 2579 730 2644 divinum
741 2579 904 2666 suspicere
915 2587 1061 2666 possunt,
1074 2579 1131 2666 qui
1143 2601 1215 2644 suas

201 2680 306 2744 omnis
322 2681 535 2768 cogitationes
551 2683 739 2748 abiecerunt
753 2682 789 2746 in
803 2705 873 2747 rem
885 2690 954 2748 tam
964 2682 1125 2746 humilem
1136 2689 1216 2746 tam-

201 2801 265 2866 que
280 2789 510 2868 eontemptam.
556 2805 654 2870 quam
666 2786 709 2850 ob
723 2807 793 2850 rem
807 2783 867 2849 hos
879 2785 1012 2871 quidem
1028 2783 1142 2850 abhoc
1154 2805 1216 2848 ser·

200 2904 298 2948 mone
309 2905 543 2968 removeamus,
550 2886 615 2973 ipsi
630 2895 740 2952 autem
754 2887 983 2974 intellegamus
993 2895 1110 2952 natura
1121 2885 1215 2974 gigni

200 3005 331 3050 sensum
346 2985 507 3074 diligendi
522 2995 556 3052 et
570 2988 818 3054 benevolentiae
833 2989 1001 3054 cantatem
1016 2988 1104 3052 facta
1118 2988 1216 3074 signi-

200 3084 351 3152 ficatione
373 3087 562 3174 probitatis:
586 3110 684 3175 quarn
707 3089 765 3175 qui
787 3090 1027 3177 adpetiverunt,
1049 3089 1214 3176 adplicant

201 3210 234 3253 se
255 3196 288 3254 et
309 3189 444 3276 propius
467 3190 652 3274 admovent,
669 3199 706 3256 ut
729 3199 763 3256 et
783 3213 846 3256 usu
860 3192 939 3274 eius,
956 3213 1055 3278 quem
1077 3191 1215 3276 diligere

201 3298 388 3377 coeperunt,
401 3290 554 3356 fruantur
567 3300 600 3357 et
615 3294 760 3359 moribus
774 3316 782 3376 3
805 3294 935 3379 sintque
950 3315 1043 3380 pares
1058 3293 1093 3356 in
1106 3314 1215 3356 amore

201 3398 235 3455 et
255 3391 402 3477 aequales
423 3393 715 3480 propensioresque
738 3396 779 3460 ad
799 3396 884 3460 bene
905 3395 1102 3460 merendum
1118 3415 1215 3479 quam

201 3493 243 3558 ad
257 3493 502 3579 reposcendum,
518 3502 616 3580 atque
631 3495 711 3560 haec
732 3495 887 3562 intereos
902 3496 945 3562 sit
965 3495 1103 3560 honesta
1117 3501 1216 3560 certa

383 3700 433 3710 ⁴
