2752 3928
203 188 246 252 48
505 183 543 240 M.
567 183 691 238 TULLII
715 182 916 239 CICERONIS

204 357 374 423 observare
384 356 531 422 restricte
541 378 583 422 ne
593 356 668 443 plus
679 356 794 422 reddat
805 377 904 444 quam
915 356 1074 443 acceperit
1086 378 1095 441 3
1114 379 1228 446 neque

204 460 291 525 enim
302 460 483 524 verendum
493 464 594 524 estne
606 458 686 544 quid
697 459 825 524 excidat
836 465 944 523 autne
955 457 1036 544 quid
1050 459 1086 523 in
1099 466 1222 529 terram

203 559 324 626 defluat
339 567 395 626 aut
409 583 451 627 ne
464 560 540 646 plus
554 582 657 647 aequo
672 561 752 647 quid
772 561 809 625 in
823 561 1000 626 amicitiam
1015 570 1219 649 congeretur.

153 665 194 728 59
205 691 236 751 (ο)
253 697 279 738 ω
293 693 387 752 ,equire
402 706 417 739 a
441 663 557 727 tertius
568 679 646 728 vero
661 663 717 727 ille
730 661 806 728 finis
821 663 1034 746 deterrumus,
1046 671 1093 746 ut,
1106 664 1222 749 quanti

203 749 266 796 ¹⁰V⁶
281 749 367 796 Μ
381 764 416 796 ⁰¹¹
442 764 578 851 quisque
593 786 627 829 se
644 765 714 851 ipse
728 765 837 847 faciat,
853 765 937 829 tanti
950 763 1010 830 fiat
1031 766 1071 830 ab
1087 766 1220 849 amicis3

203 819 248 852 our
265 808 375 854 estimato
391 806 420 853 of

203 865 332 912 eumenes.
442 889 537 953 saepe
551 867 639 932 enim
654 867 689 930 in
701 867 896 954 quibusdam
911 874 967 932 aut
982 868 1107 932 animus
1119 869 1221 934 abiec-

202 968 268 1033 tior
292 975 341 1035 est
366 975 422 1034 aut
444 991 516 1056 spes
538 967 784 1056 amplificandae
804 968 958 1034 fortunae
978 969 1130 1036 fractior}
1152 992 1220 1035 non

202 1078 252 1136 est
265 1070 368 1159 igitur
381 1070 477 1136 amici
498 1071 597 1136 talem
619 1093 688 1136 esse
708 1071 744 1134 in
758 1091 844 1154 eum,
860 1071 965 1156 qualis
985 1070 1041 1136 ille
1062 1071 1098 1135 in
1112 1093 1146 1137 se
1160 1079 1218 1155 est,

202 1173 260 1238 sed
280 1173 390 1260 potius
410 1173 490 1239 eniti
512 1179 545 1238 et
567 1171 702 1255 efficere,
716 1179 756 1237 ut
777 1173 873 1238 amici
893 1173 1053 1239 iacentem
1075 1173 1220 1238 animum

202 1275 323 1340 excitet
343 1275 540 1362 inducatque
554 1274 594 1340 ia
609 1297 701 1362 spem
723 1275 1019 1364 cogitationemque
1039 1275 1218 1342 meliorem.

203 1378 284 1442 alius
298 1377 402 1465 igitur
414 1375 489 1442 finis
500 1399 596 1442 verae
611 1377 772 1442 amicitiae
787 1377 1032 1443 constituendus
1046 1384 1103 1459 est,
1116 1378 1144 1442 si
1156 1376 1221 1464 pri-

201 1501 250 1562 us,
267 1480 346 1565 quid
359 1479 501 1544 maxime
515 1478 753 1566 reprehendere
769 1479 879 1566 Scipio
894 1479 1007 1544 solitus
1022 1480 1073 1562 sit,
1089 1480 1219 1546 dixero:

202 1581 342 1668 negabat
355 1581 457 1646 ullam
470 1602 585 1646 vocem
604 1581 821 1646 inimiciorem
836 1581 996 1646 amicitiae
1016 1580 1160 1667 potuisse
1173 1603 1220 1646 re-

201 1683 301 1770 periri
316 1704 414 1768 quam
435 1682 513 1765 eius,
530 1683 587 1769 qui
609 1683 744 1748 dixisset
765 1683 811 1748 ita
833 1704 941 1748 amare
959 1689 1171 1769 oporterent
1192 1683 1219 1748 si

203 1783 376 1870 aliquando
390 1793 472 1849 esset
487 1805 619 1868 osurus3
639 1806 701 1849 nec
711 1806 790 1850 vero
802 1807 836 1850 se
847 1785 965 1850 adduci
980 1805 1082 1871 posse,
1093 1791 1132 1848 ut
1146 1784 1218 1868 hoc,

203 1907 301 1972 quem
310 1886 351 1951 ad
362 1886 498 1950 modum
508 1895 688 1973 putaretur,
699 1885 843 1952 aBiante
854 1887 979 1952 dictum
988 1907 1055 1951 esse
1065 1887 1217 1969 crederet,

203 1989 260 2073 qui
270 1989 397 2076 sapiens
407 1988 538 2054 habitus
549 1997 632 2054 esset
642 2011 728 2054 unus
739 2011 758 2054 e
769 1995 912 2076 septem:
931 1988 1042 2075 inpuri
1053 1988 1219 2053 cuiusdam

203 2097 260 2155 aut
275 2091 437 2157 ambitiosi
459 2098 515 2157 aut
530 2092 639 2157 omnia
662 2092 703 2156 ad
724 2113 816 2156 suam
836 2091 1017 2176 potentiam
1039 2091 1219 2156 revocantis

202 2213 270 2257 esse
284 2193 486 2258 sententiam.
530 2215 673 2280 quonam
688 2193 776 2257 enim
790 2193 889 2258 modo
904 2192 1075 2280 quisquam
1097 2193 1219 2257 amicus

202 2315 270 2358 esse
283 2295 405 2380 poterit
420 2295 459 2377 ei,
475 2295 529 2359 cui
543 2317 576 2360 se
589 2295 721 2382 putabit
734 2295 905 2360 inimicum
919 2315 987 2360 esse
1001 2295 1117 2380 posset
1139 2295 1219 2381 quin

202 2394 300 2460 etiam
313 2415 441 2460 necesse
455 2395 518 2460 erit
532 2416 650 2482 cupere
671 2405 705 2462 et
727 2403 840 2484 optare
861 2403 900 2461 ut
914 2418 1012 2484 quam
1031 2396 1218 2483 saepissime

201 2504 314 2584 peccet
329 2497 459 2580 amicus,
476 2519 541 2583 quo
562 2498 665 2584 pluris
680 2499 736 2564 det
751 2499 813 2564 sibi
831 2505 997 2585 tamquam
1013 2520 1103 2563 ansas
1117 2499 1219 2563 edre

201 2600 469 2686 prehendendum
482 2622 491 2684 3
511 2623 622 2666 rursus
637 2609 745 2666 autem
761 2609 849 2667 recte
863 2600 960 2666 factis
976 2601 1218 2687 commodisque

151 2704 193 2770 60
200 2705 379 2770 amicorum
402 2705 543 2788 [necesse
558 2704 634 2789 erit]
658 2705 744 2793 angi,
760 2704 879 2787 dolere,
894 2704 1052 2769 invidere.
1097 2725 1161 2789 qua
1182 2724 1218 2768 re

200 2806 264 2873 hoc
278 2808 411 2894 quidem
428 2816 646 2895 praeceptum,
663 2809 895 2895 cuiuscumque
910 2815 967 2890 est,
984 2807 1025 2872 ad
1039 2806 1218 2872 tollendam

201 2909 377 2974 amicitiam
388 2909 475 2974 vadet
488 2930 495 2975 :
517 2909 600 2975 illud
610 2911 720 2997 potius
730 2910 1001 2997 praecipiundum
1012 2908 1088 2990 fuit,
1097 2915 1136 2973 ut
1147 2929 1218 2973 eam

201 3010 407 3098 diligentiam
421 3011 647 3078 adhiberemus
661 3013 697 3076 in
711 3013 861 3078 amicitiis
877 3011 1109 3099 comparandis,
1124 3017 1163 3075 ut
1175 3031 1218 3076 ne

202 3113 332 3200 quando
347 3135 454 3178 amare
474 3113 691 3200 inciperemus
709 3136 794 3198 eum,
810 3137 908 3201 quem
926 3114 1099 3201 aliquando
1114 3113 1218 3177 odisse

201 3237 377 3305 possemus.
433 3217 636 3303 quinetiam
662 3217 821 3282 siminus
847 3216 959 3282 felices
984 3217 1020 3280 in
1046 3215 1218 3302 deligendo

202 3317 384 3402 fuissemus,
394 3319 566 3386 ferendum
577 3321 613 3385 id
626 3319 735 3406 Scipio
745 3321 855 3408 potius
866 3341 964 3406 quam
974 3319 1218 3383 inimicitiarum

202 3429 331 3506 tempus
346 3423 556 3509 cogitandum
570 3423 714 3508 putabat.

152 3523 194 3589 61
268 3521 386 3590 XVII.
409 3523 474 3589 His
487 3525 590 3612 igitur
606 3523 726 3590 finibus
741 3523 901 3588 utendum
916 3521 1063 3604 arbitror,
1078 3529 1126 3601 ut,
1143 3543 1217 3586 cum
