2752 3928
212 170 254 274 58
512 211 550 264 Μ.
576 208 700 264 TULLII
726 206 926 263 CICERONIS

210 383 330 448 locaret
344 388 441 468 atque
452 382 499 446 ibi
513 381 722 467 subpeditans
737 380 884 445 omnium
894 401 1013 462 rerum,
1025 401 1104 466 quas
1114 387 1232 446 natura

212 484 379 565 desiderat,
396 484 626 550 abundantiam
641 490 673 548 et
688 483 815 568 copiam
836 481 978 547 hominis
1000 482 1133 547 omnino
1148 483 1232 568 aspi·

212 585 318 651 ciendi
342 591 535 670 potestatem
560 584 715 670 eriperet:
738 585 810 670 quis
831 591 900 648 tam
922 590 1003 648 esset
1024 583 1149 652 ferreus
1171 585 1230 670 qui

212 710 283 754 eam
308 687 410 751 vitam
434 684 520 750 ferre
545 692 652 771 posset
678 686 794 770 cuique
823 707 891 750 non
916 685 1058 750 auferret
1083 684 1231 750 fructum

163 795 203 857 88
213 790 418 876 voluptatum
447 787 594 852 omnium
623 787 783 853 solitudol
814 810 930 854 verum
956 809 1034 875 ergo
1058 787 1141 853 illud
1170 797 1229 871 est,

213 894 300 980 quod
322 914 341 958 a
362 890 537 956 Tarentino
559 888 717 976 Archyta,
732 897 770 954 ut
792 891 916 976 opinor,
932 890 997 954 dici
1013 890 1144 954 solitum
1158 912 1231 956 nos

211 1004 278 1061 tros
299 1016 389 1060 senes
415 1013 666 1058 commemorare
696 993 807 1058 audivi
829 994 869 1059 ab
891 993 961 1058 aliis
983 993 1112 1058 senibus
1142 993 1231 1058 audi-

211 1107 301 1162 tum:
316 1097 344 1162 si
369 1089 441 1182 quis
462 1095 499 1159 in
520 1094 644 1160 caelum
666 1095 858 1160 ascendisset
879 1103 1092 1181 naturamque
1113 1095 1231 1160 mundi

212 1207 245 1265 et
258 1197 536 1285 pulchritudinem
550 1198 702 1263 siderum,
712 1198 933 1283 perspexisset,
949 1198 1117 1262 insuavem
1138 1197 1231 1262 illam

212 1301 457 1366 admirationem
479 1299 510 1364 ei
531 1298 613 1381 fore,
629 1321 711 1385 quae
732 1299 964 1364 iucundissima
984 1299 1108 1381 fuisset,
1125 1298 1152 1364 si
1174 1299 1230 1364 ali·

213 1425 310 1489 quem
325 1403 378 1468 cui
392 1409 534 1467 narraret
548 1400 719 1467 habuisset.
765 1402 810 1468 sie
824 1410 940 1468 natura
953 1402 1132 1467 solitarium
1145 1401 1232 1466 nihil

213 1513 298 1570 amat
312 1525 501 1590 semperque
516 1503 558 1568 ad
572 1503 703 1589 aliquod
717 1511 885 1590 tamquam
896 1504 1130 1570 adminiculum
1142 1505 1231 1569 adni-

212 1609 300 1689 titur,
317 1607 405 1692 quod
419 1606 455 1670 in
469 1605 662 1670 amicissimo
677 1628 806 1692 quoque
821 1607 1044 1672 dulcissimum
1064 1613 1120 1672 est.

515 1706 651 1774 XXIV.
676 1708 742 1774 Sed
763 1731 839 1775 cum
857 1717 906 1774 tot
921 1709 1020 1796 signis
1042 1709 1155 1774 eadem
1176 1731 1231 1774 na-

256 1754 314 1801 One
331 1754 362 1800 of
375 1754 423 1801 the

211 1818 275 1916 ffi
289 1812 424 1916 (1111181)ξὲῑέξέ
450 1817 522 1874 tura
544 1809 684 1876 declaret
709 1811 789 1896 quid
809 1810 897 1894 velit,
923 1811 1081 1896 anquirat,
1106 1810 1230 1876 deside-

211 1935 276 1998 parts
288 1928 322 1998 ,of
332 1927 424 1996 saeps—
449 1920 507 1994 ret,
523 1918 633 1978 tamen
648 1912 905 1978 obsurdescimus
926 1913 1034 1978 nescio
1049 1913 1230 1998 quomodo

204 1987 424 2104 .{},¹(¹1pt},{i{¹3v¹,¹{1³s
449 2035 572 2096 necea,
588 2036 669 2100 quae
684 2015 725 2080 ab
739 2037 777 2080 ea
790 2036 970 2098 monemur,
986 2015 1143 2080 audimus.
1181 2022 1230 2079 est

212 2101 424 2162 vioeandrcprooq
450 2117 539 2182 enim
567 2118 675 2182 varius
703 2126 736 2183 et
764 2118 937 2204 multiplex
964 2139 1040 2182 usus
1070 2118 1230 2183 amicitiae

212 2218 396 2304 multaeque
422 2239 534 2284 causae
556 2219 776 2305 suspicionum
797 2220 1077 2306 offensionumque
1100 2221 1228 2301 dantur,

212 2341 289 2404 quas
309 2327 380 2384 tum
395 2319 524 2402 evitare,
540 2328 612 2385 tum
633 2321 767 2404 elevare,
783 2330 855 2388 tum
876 2322 965 2387 ferre
985 2321 1136 2408 sapientis
1158 2328 1228 2386 est:

210 2442 277 2486 una
288 2420 345 2485 illa
358 2421 525 2487 subeunda
539 2430 586 2488 est
601 2423 745 2506 offensio,
760 2431 798 2488 ut
813 2433 846 2490 et
860 2425 983 2490 utilitas
997 2424 1033 2488 in
1044 2423 1229 2490 amicitiast

211 2521 292 2588 fides
312 2523 508 2607 retineatur;
535 2547 611 2590 nam
633 2534 666 2590 et
687 2527 842 2592 monendi
864 2527 961 2592 amici
983 2548 1077 2613 saepe
1099 2532 1174 2590 suut
1196 2533 1230 2590 et

212 2625 413 2713 obiurgandi,
444 2634 476 2691 et
504 2626 584 2694 haec
613 2628 800 2715 accipienda
827 2630 938 2713 amice,
966 2651 1041 2695 cum
1070 2627 1229 2695 benevole

162 2732 202 2794 89
212 2727 305 2792 fiunt.
349 2729 404 2793 sed
420 2730 529 2795 neseio
543 2753 609 2815 quo
626 2731 724 2796 modo
739 2753 854 2798 verum
868 2739 925 2815 est,
941 2732 1030 2819 quod
1050 2731 1086 2796 in
1100 2729 1231 2796 Andria

211 2828 379 2895 familiaris
393 2852 486 2896 meus
501 2832 590 2916 dicit,

361 2981 552 3067 obsequium
574 2984 701 3068 amicos,
717 2986 835 3051 veritas
850 2987 962 3052 odium
976 2986 1070 3074 parit.

211 3131 345 3198 molesta
366 3133 494 3216 veritas,
517 3135 544 3200 si
566 3136 699 3220 quidem
721 3159 762 3202 ex
783 3160 821 3202 ea
841 3139 983 3204 nascitur
1004 3139 1125 3220 odium,
1141 3138 1231 3224 quod

212 3243 259 3300 est
273 3257 436 3300 venenum
451 3237 621 3320 amicitiae,
637 3239 695 3305 sed
714 3239 904 3326 obsequium
926 3241 1031 3305 multo
1052 3240 1229 3323 molestius,

212 3337 299 3423 quod
314 3338 453 3423 peccatis
468 3338 640 3427 indulgens
654 3342 865 3428 praecipitem
881 3341 1022 3407 amicum
1036 3341 1115 3406 ferri
1134 3342 1230 3424 sinit3

211 3439 352 3503 maxima
366 3447 475 3503 autem
490 3441 587 3526 culpa
607 3442 644 3506 in
663 3465 709 3524 eo,
726 3443 782 3527 qui
804 3449 837 3507 et
851 3444 1021 3508 veritatem
1043 3452 1231 3530 aspernatur

212 3547 246 3608 et
259 3540 293 3604 in
308 3541 458 3606 fraudem
470 3543 624 3628 obsequio
638 3545 813 3629 inpellitur.
858 3546 947 3610 omni
962 3546 1063 3632 igitur
1076 3547 1138 3612 hae
1148 3547 1184 3610 in
1193 3568 1230 3612 re
