2752 3928
514 231 681 301 nannius,
708 234 802 287 rora.
1127 235 1168 298 53

151 402 287 470 ferieres
301 401 465 468 extollere.
510 410 585 467 sunt
600 403 688 468 enim
703 403 845 488 quidam
858 403 914 489 qui
928 403 1078 469 molestas
1093 405 1169 470 ami-

151 506 241 572 citias
262 505 490 585 saducaeum
511 505 574 590 ipsi
596 526 630 569 se
652 503 815 570 contemni
838 513 971 591 putant3
992 506 1081 591 quod
1102 528 1169 571 non

150 607 222 674 fere
244 607 404 694 contingit
425 606 488 670 nisi
510 606 558 687 iis,
575 607 631 693 qui
654 606 752 670 etiam
774 607 1025 672 conterrmendos
1041 629 1073 672 se
1088 608 1169 673 arbi-

126 765 128 770 .
151 718 286 791 uantur,
307 709 365 795 qni
386 708 447 774 hac
469 709 621 794 opinione
642 730 709 772 non
730 709 828 773 modo
851 709 967 791 verbis,
991 710 1048 775 sed
1070 711 1168 776 etiam

151 834 249 898 opere
263 810 393 876 levandi
408 818 493 875 sunt.
537 818 664 875 tantum
678 817 787 875 autem
809 809 925 896 cuique
946 811 1166 895 tribuendum,
1177 813 1218 881 73

151 915 306 1002 primum,
316 921 474 999 quantum
483 913 553 999 ipse
561 912 687 978 efficere
695 913 804 998 possis,
814 913 931 978 deinde
982 979 1002 1026 F
1091 980 1109 1026 h
1141 981 1169 1027 ld

152 1017 259 1097 etiam,
287 1023 445 1101 quantum
473 1015 539 1096 ille,
567 1037 664 1101 quem
693 1015 809 1102 diligas
834 1023 931 1102 atque
955 993 1168 1140 affligis

152 1119 294 1201 adiuves,
325 1118 500 1198 sustinere3
536 1139 603 1182 non
639 1117 728 1182 enim
756 1139 861 1204 neque
893 1127 931 1184 tu
955 1100 1003 1198 {⁴1³1ss
1017 1095 1172 1211 {iilfflmffn‘ff

152 1221 263 1308 possis,
294 1220 442 1306 quamvis
478 1219 625 1301 excellas,
656 1219 760 1284 omnis
788 1227 861 1285 tuos
890 1221 931 1285 ad
955 1209 998 1314 {1¹12
1007 1209 1132 1328 20¹}ssssssssss
1143 1212 1171 1257 ⁰¹⁹

152 1323 290 1389 honores
316 1321 530 1408 amplissimos
551 1322 737 1408 perducere,
760 1329 798 1386 ut
821 1322 931 1409 Scipio

153 1425 194 1491 P.
209 1424 383 1511 Rupilium
403 1424 510 1510 potuit
529 1422 695 1489 consulem
715 1422 850 1507 efficere,
866 1423 1002 1490 fratrem
1024 1428 1093 1493 eius
1108 1427 1169 1493 Lu·

152 1527 241 1594 cium
254 1548 321 1592 non
340 1526 457 1613 potuit.
501 1527 590 1612 quod
611 1526 639 1590 si
659 1526 757 1590 etiam
779 1527 881 1613 possis
896 1529 1024 1614 quidvis
1040 1530 1168 1597 deferre

153 1629 569 1710 adalterum,vidend1m1
594 1636 773 1694 esttamen
795 1630 874 1715 quid
899 1631 954 1696 ille
980 1634 1079 1718 possit
1105 1657 1169 1699 sus

152 1733 265 1798 tinere.
310 1732 443 1798 omnino
471 1732 631 1798 amicitiae
659 1733 876 1798 conroboratis
908 1735 974 1799 iam
1003 1735 1219 1805 confinna-id

152 1835 259 1920 tisque
280 1842 314 1899 et
334 1834 474 1922 ingeniis
495 1841 528 1898 et
549 1834 706 1899 aetatibus
731 1835 921 1901 iudicandae
942 1846 1027 1919 sunt,
1049 1861 1118 1921 noc,
1142 1841 1169 1904 si

153 1937 211 2023 qui
239 1937 372 2003 ineunte
395 1945 498 2004 aetate
520 1938 659 2003 venandi
682 1944 739 2002 aut
760 1937 845 2023 pilae
867 1938 1003 2003 studiosi
1024 1939 1167 2022 inerunt,

153 2059 207 2103 eos
221 2038 342 2104 habere
356 2040 558 2121 necessarios,
574 2047 740 2126 questum
758 2039 872 2104 eodem
886 2041 994 2105 studio
1008 2041 1170 2127 praeditos

153 2142 357 2209 dilexerunt:
391 2146 453 2211 isto
467 2147 556 2212 enim
577 2147 675 2212 modo
688 2147 831 2212 nutrices
844 2154 878 2211 et
898 2146 1078 2234 paedagogi
1099 2145 1170 2210 iure

153 2247 322 2312 vetustatis
336 2248 517 2334 plurimum
531 2249 774 2316 benevolentiae
796 2249 1021 2336 postulabunt:
1044 2248 1102 2334 qui
1116 2269 1170 2312 ne-

152 2348 307 2436 glegendi
328 2351 462 2437 quidem
483 2373 549 2418 non
571 2360 656 2435 sunt,
675 2352 735 2417 sed
756 2351 819 2417 alio
841 2353 981 2439 quodam
1002 2352 1099 2416 modo
1122 2372 1169 2416 ae·

153 2450 328 2517 stimcndr’.
372 2453 466 2518 aliter
480 2455 638 2520 amicitiae
660 2454 789 2520 stabiles
811 2475 998 2541 permanere
1011 2475 1078 2519 non
1100 2474 1169 2539 pos

152 2561 247 2635 sunt3
276 2555 419 2641 dispares
445 2556 534 2621 enim
558 2579 664 2622 mores
686 2557 826 2643 disparia
849 2556 955 2621 studia
980 2561 1167 2641 sequuntur,

153 2677 293 2741 quorum
315 2657 544 2724 dissimilitudo
567 2659 717 2724 dissociat
738 2658 903 2739 amicitias,
927 2679 987 2722 nec
1009 2658 1051 2723 ob
1074 2656 1169 2721 aliam

153 2779 281 2822 causam
306 2759 408 2824 ullam
436 2761 514 2826 boni
542 2761 697 2847 inprobis,
720 2760 850 2846 inprobi
871 2759 964 2825 bonis
985 2758 1081 2822 amici
1102 2779 1170 2823 esse

152 2881 220 2924 non
233 2871 368 2946 possunt
383 2863 446 2928 nisi
460 2864 548 2949 quod
562 2871 651 2929 tanta
662 2871 711 2928 est
726 2863 810 2928 inter
824 2883 887 2943 eos,
900 2869 1019 2948 quanta
1029 2861 1170 2925 maxima

152 2970 259 3048 potest
274 2985 351 3046 esse,
364 2986 493 3030 morum
508 2965 754 3050 studiorumque
766 2964 926 3030 distantia
970 2971 1058 3029 recte
1072 2963 1170 3028 etiam
1179 2962 1199 3030 7
1201 2966 1219 3028 5

152 3065 297 3151 praecipi
322 3074 430 3152 potest
458 3068 494 3131 in
522 3068 681 3150 amicitiis,
707 3090 749 3132 ne
774 3067 987 3153 intemperata
1012 3066 1170 3153 quaedam
1288 3116 1291 3121 .

151 3167 387 3252 benevolentia,
411 3170 499 3256 quod
520 3192 674 3257 persaepe
694 3167 742 3252 fit,
764 3169 910 3256 inpediat
932 3191 1064 3256 magnas
1085 3166 1171 3232 utili·

152 3277 235 3334 tates
249 3271 446 3354 amicorum3
466 3273 635 3356 necerim,
647 3272 874 3338 utadfabulas
888 3272 1026 3354 redeam,
1039 3271 1171 3336 Troiam

152 3368 390 3456 Neoptolemus
398 3395 512 3460 capere
523 3375 688 3461 potuisset,
699 3375 727 3440 si
739 3373 964 3461 Lycomedem,
973 3374 1060 3460 apud
1072 3395 1171 3460 quem

153 3480 223 3538 erat
239 3473 402 3557 educatus,
418 3475 531 3540 multis
548 3497 624 3541 cum
645 3476 785 3541 lacrimis
806 3477 869 3541 iter
890 3497 985 3540 suum
1007 3475 1170 3562 inpedien-

153 3579 222 3638 tem
236 3575 348 3641 audire
364 3575 525 3642 voluisset.
570 3585 603 3642 et
617 3599 712 3663 saepe
733 3577 883 3642 incidunt
900 3599 1036 3665 magnae
1058 3598 1118 3657 res,
1133 3582 1171 3639 ut
