2752 3928
501 237 668 308 sanaim,
695 239 790 293 12-16.
1114 239 1156 300 31

136 409 304 494 Scaevola,
320 432 450 476 mecum
465 411 617 493 venisses,
633 411 781 475 triduum
796 409 949 480 disseruit
964 408 1005 475 de
1027 431 1062 474 rc
1077 409 1158 495 pub

134 513 210 597 lica,
226 513 318 578 cuins
340 512 570 600 disputationis
591 512 658 577 fnit
672 520 858 578 extremum
879 512 951 576 fere
975 511 1017 577 de
1038 511 1158 576 inmor-

137 616 264 682 talitate
279 615 474 696 animorum,
490 635 572 700 quae
587 637 622 679 se
636 615 672 678 in
687 615 799 700 quiete
813 635 873 701 per
886 614 993 678 visum
1009 635 1051 678 ex
1065 612 1157 678 Afri-

137 739 219 783 cano
234 718 361 783 audisse
376 717 526 783 dicebat:
549 717 584 781 id
607 717 634 781 si
656 718 702 781 ita
719 725 779 800 est,
795 725 832 781 ut
851 715 980 803 optumi
1001 715 1157 802 cuiusque

137 821 267 884 animus
288 821 321 883 in
346 826 451 884 morte
472 817 631 883 facillime
654 819 762 885 evolet
783 827 989 905 tamquame
1011 818 1158 883 custodia

137 922 321 1008 vinclisque
343 921 495 1007 corporis,
512 920 565 985 cui
588 942 758 986 censemus
778 943 909 986 cursum
925 920 966 985 ad
988 919 1066 985 deos
1081 919 1158 985 faci·

136 1025 252 1091 liorem
269 1024 371 1090 fuisse
384 1045 481 1110 quam
496 1021 664 1108 Scipionil
688 1023 837 1109 quocirca
853 1044 996 1088 maerere
1010 1022 1073 1088 hoc
1088 1022 1158 1088 eius

137 1135 262 1192 eventu
284 1148 399 1192 vereor
420 1148 463 1191 ne
491 1125 598 1189 invidi
627 1125 732 1210 magis
757 1146 857 1210 quam
885 1123 982 1188 amici
1010 1123 1062 1188 sit.
1106 1124 1158 1188 sin

138 1237 251 1295 autem
273 1229 330 1293 illa
351 1229 488 1310 veriora,
509 1235 547 1293 ιιι
569 1228 658 1292 idern
680 1227 832 1292 interitus
853 1226 897 1292 sit
919 1225 1102 1291 animorum
1124 1235 1159 1292 et

137 1353 312 1418 corporum
328 1353 390 1396 nec
404 1330 491 1396 ullus
506 1352 618 1396 sensus
632 1337 772 1411 maneat,
787 1336 825 1393 ιιι
847 1327 931 1392 nihil
953 1329 1032 1393 boni
1053 1336 1103 1393 est
1122 1329 1158 1393 in

138 1443 254 1517 morte,
271 1434 316 1499 sic
330 1441 419 1500 certe
433 1432 518 1498 nihil
532 1433 629 1512 mali3
652 1454 749 1497 sensu
763 1431 853 1496 enim
868 1430 985 1496 amisso
998 1429 1038 1496 fit
1058 1431 1157 1515 idem,

138 1536 231 1622 qnasi
252 1544 348 1601 natus
362 1557 430 1601 non
448 1541 532 1601 esset
546 1537 690 1617 omnine,
706 1556 805 1622 quem
828 1540 940 1600 tamen
957 1555 1026 1599 esse
1043 1541 1157 1598 natum

137 1647 171 1703 et
191 1660 250 1704 nos
269 1639 449 1725 gandemus
474 1645 507 1702 et
533 1638 614 1704 haec
637 1639 759 1720 civitas,
776 1637 858 1702 dum
880 1636 952 1719 erit,
974 1635 1156 1703 laetabitur.

138 1761 238 1826 quam
260 1741 303 1806 ob
324 1763 394 1805 rem
417 1761 493 1804 cnm
516 1739 573 1805 illo
597 1740 741 1826 quidem,
761 1747 799 1804 ιιι
822 1760 920 1824 snpra
943 1738 1023 1819 dixi,
1047 1748 1156 1804 actum
1167 1742 1207 1805 15

138 1850 275 1928 optume
290 1850 349 1924 est,
365 1863 495 1906 mecum
509 1841 759 1923 incommodius
776 1863 873 1926 quem
890 1840 998 1906 fuerat
1014 1842 1156 1927 aequius,

136 1953 176 2009 ut
191 1944 283 2030 prius
296 1944 497 2023 introieram,
513 1941 558 2006 sic
573 1943 663 2027 prius
678 1941 767 2006 exire
782 1942 824 2006 de
838 1942 921 2023 vita3
947 1981 1012 2041 end,
1023 1996 1058 2028 on
1072 1983 1159 2030 mse„

137 2047 198 2112 sed
222 2053 335 2108 tamen
360 2042 582 2108 recordatione
605 2049 736 2107 nostrae
759 2043 921 2110 amicitiae
947 2039 985 2086 ¹³¹¹
1018 2045 1044 2086 ιθ
1058 2040 1097 2086 ¹¹5⁸
1114 2040 1157 2088 ‘¹0-

138 2146 186 2211 sic
200 2144 305 2226 fruor,
320 2151 359 2210 ut
373 2145 467 2209 beate
482 2143 600 2208 vixisse
614 2143 737 2221 videar,
754 2145 831 2230 qnia
846 2166 921 2210 curn
946 2097 1158 2222 lidugthddftdg

139 2248 295 2334 Scipione
314 2246 464 2327 vixerim,
480 2267 622 2332 quocum
644 2245 727 2310 mihi
749 2248 922 2312 coniuncta
946 2213 1161 2339 illudliinddhid

139 2350 272 2416 curado
292 2348 425 2435 publica
446 2371 481 2413 re
497 2355 531 2414 et
546 2348 587 2413 de
609 2349 737 2434 privata
750 2349 828 2434 fnit,
843 2371 921 2437 quo
946 2327 1105 2390 mancipo,

139 2474 215 2517 cum
230 2458 264 2516 et
278 2451 395 2516 domus
409 2449 477 2515 fuit
492 2458 526 2516 et
541 2450 657 2516 militia
672 2452 903 2518 communicet
920 2453 964 2535 id,
977 2453 1011 2517 in
1028 2477 1093 2540 qno
1108 2462 1157 2520 cst

139 2552 707 2638 omnisvisamicitiae,volnntatnm,
717 2555 911 2637 studiorum,
922 2558 1155 2621 sententiarum

138 2677 267 2728 summa
287 2655 466 2720 consensio.
510 2656 621 2743 itaque
636 2679 703 2723 non
724 2665 793 2722 tam
814 2658 876 2721 ista
898 2679 951 2720 me
969 2658 1155 2742 sapientiae,

139 2780 237 2844 quam
250 2758 349 2823 modo
360 2756 504 2824 Fannius
516 2760 795 2840 commemoravit,
806 2757 896 2822 fama
911 2757 1062 2841 delectat,
1074 2758 1157 2823 falsa

138 2861 443 2947 praesertim,quam
454 2861 541 2946 qnod
553 2860 714 2925 amicitiae
723 2867 851 2924 nostrae
862 2860 1052 2925 memoriam
1062 2883 1157 2947 spero
1230 2941 1233 2948 Ι

139 2963 372 3049 sempiternam
394 2962 477 3045 fore,
494 2963 593 3048 idque
608 2983 648 3028 eo
663 2961 746 3026 mihi
769 2962 873 3050 magis
887 2971 936 3028 est
950 2963 1051 3046 cordi,
1067 2965 1157 3051 quod

139 3087 180 3130 ex
203 3066 355 3131 omnibns
376 3065 512 3131 saeculis
534 3065 591 3128 vix
613 3065 676 3129 tria
698 3072 755 3130 ant
769 3074 924 3151 quattuor
944 3068 1158 3133 nominantur

138 3167 230 3254 paria
245 3168 434 3250 amicorum,
450 3187 515 3254 quo
538 3167 573 3230 in
587 3189 707 3254 genere
721 3189 849 3253 sperare
864 3168 979 3234 videor
994 3169 1157 3255 Scipionis

139 3279 174 3334 et
189 3269 292 3333 Laelii
307 3271 485 3336 amicitiam
500 3277 612 3334 notam
626 3270 809 3356 posteritati
824 3268 906 3335 fore.
1127 3352 1133 3364 ι

203 3367 373 3436 Fannius.
396 3370 486 3436 Istuc
508 3371 653 3456 quidem,
675 3371 776 3453 Laeli,
798 3371 845 3435 ita
865 3392 921 3436 ne
945 3352 1207 3458 {Qfflnffieffild

139 3495 227 3539 cesse
255 3482 315 3538 est.
369 3473 436 3554 sed,
463 3473 618 3559 quoniam
644 3472 807 3537 amicitiae
831 3493 921 3536 men·
945 3469 1009 3529 amp.

139 3576 265 3651 tionem
280 3574 389 3642 fecisti
399 3583 434 3640 et
445 3595 556 3640 sumus
567 3574 673 3655 otiosi,
684 3580 875 3659 pergratum
891 3572 973 3635 mihi
987 3570 1104 3637 feceris
1115 3609 1158 3618 -
