2752 3928
191 156 234 220 40
492 152 530 207 li.
556 150 679 206 TULLII
703 146 903 204 CICERONIS

192 324 234 392 ad
255 322 421 405 iniuriam,
437 322 526 408 quod
548 321 605 408 qui
626 325 822 402 recusarent,
845 319 995 406 quamvis
1016 317 1154 384 honeste
1175 317 1215 384 id

192 425 349 507 iacerent,
372 424 423 488 ius
445 431 556 490 tamen
577 422 740 488 amicitiae
761 422 910 486 deserere
933 429 1149 508 arguerentur
1170 422 1214 486 ab

193 528 243 610 iis,
260 527 378 614 quibus
393 525 528 611 obsequi
540 525 696 606 ,nollent3
717 524 792 589 illos
813 530 933 606 autem,
950 523 1008 610 qui
1024 524 1156 610 quidvis
1171 525 1213 589 ab

194 630 299 694 amico
328 628 486 694 auderent
513 627 689 714 postulare,
715 625 935 713 postulatione
964 626 1036 711 ipsa
1062 624 1214 712 profiteri

195 732 306 798 omnia
333 753 368 796 se
393 730 490 796 amici
515 752 610 795 cansa
639 751 707 794 esse
733 728 898 811 facturos3
928 749 1043 793 eorum
1068 729 1214 814 querella

194 834 376 898 inveterata
390 854 458 898 non
472 832 571 896 modo
586 831 826 896 familiaritates
840 831 1007 918 exstingui
1026 831 1139 913 solere,
1155 831 1214 896 sed

196 937 271 1002 odia
285 937 385 1002 etiam
400 935 494 1022 gigni
509 934 729 1020 sempiterna:
750 933 831 998 haec
853 933 900 998 ita
913 933 1018 997 multa
1033 933 1124 1018 quasi
1143 931 1214 997 iata

195 1038 376 1126 inpendere
398 1036 560 1119 amicitiis,
583 1043 622 1100 ut
644 1036 754 1100 omnia
776 1035 1005 1122 subterfugere
1024 1057 1092 1101 non
1112 1037 1214 1101 modo

197 1141 384 1228 sapientiae,
400 1140 457 1206 sed
471 1139 571 1204 etiam
585 1137 754 1202 felicitatis
768 1137 893 1202 diceret
907 1138 969 1203 sibi
984 1137 1099 1204 videri.

197 1292 410 1418 1911119
436 1241 565 1427 mail
583 1240 700 1430 1131,
717 1239 1216 1427 {ltblaltllt

194 1412 412 1531 lllnwiiuvdffi-
437 1447 592 1533 progredi
620 1447 746 1511 debeat.
799 1466 934 1528 numne,
964 1445 992 1509 si
1022 1444 1215 1517 Coriolanus

199 1520 411 1567 amolirentur
437 1548 553 1614 habuit
574 1549 703 1631 amicos,
720 1545 807 1612 ferre
829 1556 942 1612 contra
963 1548 1103 1634 patriam
1125 1569 1216 1612 arma

198 1649 249 1714 illi
263 1671 339 1714 cum
351 1650 525 1716 Coriolano
539 1650 724 1715 debuerunt
735 1652 746 1716 1
789 1671 872 1714 num
885 1647 1102 1714 Viscellinum
1116 1650 1216 1715 amici

198 1773 339 1838 regnum
360 1752 579 1838 adpetentem,
595 1773 677 1817 uum
697 1752 856 1816 Maelium
873 1752 1066 1817 debuerunt·
1078 1752 1215 1816 iuvarel

149 1855 191 1923 37
201 1854 371 1920 Tiberium
386 1855 520 1941 quidem
535 1855 722 1921 Gracchum
736 1877 807 1919 rem
826 1854 992 1940 publicam
1006 1861 1181 1918 vexantem
1197 1877 1217 1919 a

200 1956 241 2034 Q.
265 1956 439 2024 Tuberone
461 1959 712 2044 aequalibusque
734 1958 847 2022 amieis
870 1958 1064 2024 derelictum
1087 1958 1217 2023 videba-

199 2081 282 2124 mus.
326 2068 359 2123 at
375 2059 412 2124 O.
429 2059 573 2125 Blossius
588 2060 763 2143 Cumanus,
780 2059 897 2146 hospes
918 2059 1063 2124 familiae
1078 2067 1214 2142 vestrae,

202 2159 365 2242 Scaevola,
382 2162 515 2226 eumad
536 2184 599 2244 me,
617 2162 705 2248 quod
727 2162 857 2227 aderam
873 2161 1008 2226 Laenati
1030 2169 1063 2227 et
1078 2161 1216 2248 Rupilio

201 2263 387 2328 consulibus
401 2264 437 2327 in
452 2265 596 2347 consilia,
613 2265 824 2351 deprecatum
838 2266 990 2349 venisset,
1005 2266 1090 2332 hanc
1104 2273 1142 2330 ut
1153 2264 1216 2330 sibi

244 2395 374 2455 Exempla
389 2395 417 2442 ,f
439 2366 642 2450 ignoscerem
668 2389 797 2432 causam
820 2359 998 2451 adferebat,
1022 2369 1111 2455 quod
1132 2366 1216 2432 tanti

203 2453 333 2512 sacceus,
440 2465 491 2532 Ti.
520 2466 706 2533 Gracchum
735 2469 876 2553 fecisset,
907 2481 945 2536 ut
974 2471 1131 2558 quicquid
1159 2470 1217 2534 1119

201 2568 301 2633 vellet
316 2568 379 2633 sibi
393 2568 584 2635 iaciendum
602 2578 743 2656 putaret.
787 2581 859 2636 tum
875 2595 937 2660 ego
953 2572 1154 2655 “etiamne”
1169 2573 1217 2636 in-

202 2693 300 2757 quam
316 2675 335 2708 ‘⁶
347 2673 374 2737 si
385 2680 418 2737 19
433 2671 469 2737 in
481 2672 681 2760 Capitolium
697 2673 785 2740 iaces
799 2675 888 2740 ferre
899 2676 998 2741 vellet
1010 2677 1021 2740 1
1031 2675 1050 2709 ”
1096 2679 1218 2740 “num-

203 2795 299 2859 quam
311 2774 331 2807 ’'
353 2774 464 2860 inquit
487 2775 670 2842 “voluisset
691 2777 728 2843 id
750 2778 894 2864 quidem,
915 2778 981 2861 sed,
1002 2777 1029 2842 si
1051 2777 1216 2858 voluisset,

203 2875 413 2960 paruissem.’'
458 2877 577 2944 videtis
598 2901 696 2966 quam
717 2879 845 2944 nefaria
858 2881 940 2944 vox!
963 2887 997 2943 91
1018 2879 1150 2944 hercule
1171 2879 1219 2942 ita

202 2976 362 3058 19911191
384 2977 458 3063 plus
481 2980 580 3044 etiam
602 3002 700 3066 quam
718 2981 820 3062 dixit3
841 2981 1013 3046 nonenim
1035 2981 1145 3066 paruit
1161 2979 1218 3044 ille

204 3077 255 3142 Τ1.
272 3076 413 3142 Gracchi
435 3081 622 3164 temeritati,
639 3083 696 3148 sed
718 3082 872 3168 praefuit,
887 3105 949 3148 nec
964 3105 998 3147 se
1013 3083 1169 3147 comitem
1182 3081 1220 3144 il-

147 1245 188 1306 36

203 3180 266 3244 lius
287 3178 418 3264 furoris,
441 3183 499 3247 sed
522 3183 640 3248 ducem
659 3186 819 3270 praebuit.
863 3185 974 3271 itaque
994 3184 1055 3249 hac
1077 3183 1219 3248 amentia

204 3282 391 3368 quaestione
402 3305 489 3348 nova
503 3285 695 3370 perterritus
709 3287 745 3350 in
757 3285 873 3350 Asiam
888 3286 1048 3373 profugit,
1061 3286 1103 3350 ad
1117 3285 1219 3350 hostis

204 3405 237 3448 99
253 3385 400 3467 eontulit,
416 3406 537 3471 poenas
552 3387 600 3450 rei
622 3386 772 3472 publicae
783 3387 892 3473 gravis
914 3388 1078 3472 iustasque
1100 3387 1219 3472 persol-

205 3485 263 3552 vit.
306 3487 398 3552 nulla
423 3494 472 3552 est
494 3487 597 3573 igitur
618 3488 782 3552 excusatio
805 3488 940 3574 peccati,
956 3487 983 3552 91
1005 3487 1103 3552 amici
1125 3509 1220 3552 causa
