2752 3928
200 195 244 258 54
502 193 540 248 M.
565 192 689 246 TULLII
714 190 914 246 CICERONIS

199 365 431 431 discedendum
445 364 487 429 sit
502 365 542 430 ab
557 366 685 431 amicis:
707 387 786 452 quas
801 365 859 451 qui
873 364 1021 451 inpedire
1036 364 1114 446 volt,
1127 367 1219 452 quod

200 468 396 534 desiderium
410 489 476 532 non
494 467 591 534 facile
613 468 707 551 ferat,
722 470 750 534 is
764 476 797 534 et
811 467 961 534 infirmus
976 476 1024 534 est
1046 469 1219 556 mollisque

199 578 313 636 natura
327 579 360 635 et
374 571 416 635 ob
428 592 500 636 eam
513 571 618 656 ipsam
629 593 757 636 causam
772 571 807 634 in
818 570 959 636 amicitia
970 592 1086 656 parum
1101 571 1215 638 iustus.
1258 600 1260 609 ¹

149 672 169 740 7
171 676 190 738 6
199 681 295 758 atque
310 673 345 736 in
359 673 449 738 omni
463 694 499 738 re
513 673 782 740 considerandum
797 680 854 756 est,
870 680 903 738 et
918 673 998 758 quid
1016 672 1160 759 postules
1175 676 1217 740 ab

199 775 302 840 amico
317 782 350 840 et
364 775 443 861 quid
458 775 580 861 patiare
595 797 613 840 a
628 783 660 840 te
674 775 839 862 inpetrari.

242 925 278 972 In
298 939 411 972 necas
501 876 600 944 XXI
624 876 731 944 Estet
717 878 797 943 tiam
815 877 973 963 quaedam
995 876 1190 942 calamitas
1181 900 1216 942 1n

199 996 278 1050 saryr
266 984 415 1030 rasuram
436 979 545 1044 amicit
546 979 585 1044 iis
532 979 803 1048 tdimittendis
820 1000 887 1044 non
908 1001 1088 1065 numquam
1109 1001 1218 1045 neces-

199 1039 292 1144 litii}
279 997 344 1145 111111·
320 1040 411 1146 1110111111
435 1081 535 1163 saria3
556 1082 622 1147 iam
643 1082 731 1148 enim
747 1105 766 1147 a
780 1083 905 1168 sapient
906 1082 975 1146 ium
991 1081 1217 1147 familiaritati·

199 1155 496 1250 111111111111
511 1184 553 1250 ad
568 1183 707 1271 volgaris
722 1184 878 1249 amicitias
893 1183 994 1249 oratio
1009 1191 1118 1248 nostra
1132 1183 1217 1249 dela·

199 1285 296 1351 bitur.
349 1293 524 1372 erumpunt
539 1307 634 1372 saepe
656 1285 736 1352 vitia
757 1286 935 1351 amicorum
963 1293 1036 1350 tum
1064 1286 1101 1348 in
1129 1286 1216 1371 ipsos

199 1387 327 1469 amicos,
343 1395 415 1452 tum
430 1388 464 1451 in
478 1387 608 1469 alienos,
624 1409 763 1473 quorum
777 1395 888 1454 tamen
903 1388 944 1453 ad
966 1388 1086 1454 amicos
1101 1389 1217 1456 redun-

200 1489 256 1554 det
273 1488 426 1556 infamia:
447 1489 527 1554 tales
548 1489 650 1576 igitur
664 1489 824 1556 amicitiae
838 1498 914 1554 sunt
936 1491 1124 1556 remissione
1138 1513 1216 1556 usus

200 1590 355 1655 eluendae
369 1597 411 1672 et,
426 1598 464 1654 ut
479 1590 636 1656 Catonem
651 1592 758 1660 didere
772 1593 893 1675 audivi,
906 1593 1096 1658 dissuendae
1110 1593 1215 1680 magis

200 1714 298 1778 quam
309 1681 547 1776 discindendae,
560 1695 622 1759 nisi
633 1695 792 1780 quaedam
803 1696 844 1762 ad
855 1696 991 1761 modum
1005 1695 1217 1762 intolerabilis

199 1796 318 1862 iniuria
339 1797 501 1880 exarserit,
521 1805 559 1864 ut
580 1820 685 1885 neque
707 1807 833 1864 rectum
853 1821 959 1886 neque
981 1799 1153 1864 honestum
1174 1801 1217 1864 sit

199 1921 260 1964 nec
281 1899 353 1964 fieri
378 1899 479 1986 possit
504 1908 542 1965 ut
567 1922 633 1966 non
662 1902 771 1966 statim
801 1901 950 1966 alienatio
979 1901 1217 1987 disiunctioque

151 2000 193 2069 'll
202 2000 355 2068 faciunda
369 2003 420 2069 sit.
464 2003 515 2068 sin
530 2011 638 2068 autem
652 2011 707 2070 aut
723 2025 851 2068 morum
866 2011 922 2068 aut
937 2003 1119 2068 studiorum
1133 2025 1218 2068 com·

200 2106 337 2171 mutatio
352 2106 518 2193 quaedam,
533 2113 572 2170 ut
586 2105 657 2171 fieri
672 2106 761 2188 solet,
779 2105 865 2171 facta
879 2105 941 2170 erit
955 2113 1011 2170 aut
1026 2106 1059 2170 in
1076 2105 1122 2170 rei
1137 2106 1218 2191 pub

200 2205 281 2271 licae
295 2208 441 2292 partibus
462 2208 616 2274 dissensio
637 2207 1010 2293 intercesserit—loquor
1032 2207 1120 2272 enim
1141 2207 1215 2288 iam,

200 2314 238 2370 ut
253 2309 350 2393 paulo
364 2316 439 2373 ante
454 2308 531 2392 dixi,
547 2330 614 2373 nou
629 2308 669 2374 de
684 2309 889 2396 sapientium,
906 2310 962 2375 sed
985 2309 1026 2374 de
1041 2309 1218 2374 communi-

200 2412 261 2476 bus
283 2410 669 2492 amicitiis—cavendum
694 2411 818 2477 eritne
840 2433 907 2478 non
929 2411 1035 2477 solnm
1057 2411 1217 2476 amicitiae

201 2511 374 2599 depositae,
405 2512 461 2578 sed
490 2513 589 2578 etiam
620 2513 809 2579 inimicitiae
826 2521 1001 2604 susceptae
1028 2513 1218 2595 videantnr3

200 2615 284 2680 nihil
298 2616 386 2680 enim
399 2623 449 2681 est
463 2616 590 2702 turpius
604 2638 703 2702 quam
718 2638 793 2682 cnm
808 2638 847 2682 eo
861 2616 985 2683 bellum
1004 2637 1126 2703 gerere,
1142 2637 1219 2701 quo

201 2740 277 2783 cum
298 2716 502 2784 familiariter
523 2719 651 2786 vixeris.
689 2720 729 2786 ab
752 2719 894 2785 amicitia
915 2718 955 2798 Q.
972 2717 1123 2804 Pompeii
1145 2739 1218 2783 meo

201 2820 333 2886 nomine
355 2843 388 2886 se
410 2829 599 2904 removerat,
622 2829 660 2886 ut
681 2822 779 2905 scitis,
804 2821 923 2907 Scipio,
946 2829 1079 2908 propter
1100 2821 1219 2885 dissen-

202 2923 325 2987 sionem
347 2929 465 3006 autem,
489 2945 571 3008 quae
593 2925 718 2990 eratin
739 2947 774 2988 re
796 2923 935 3010 publica,
952 2924 1108 2990 alienatus
1131 2931 1178 2987 est
1200 2944 1219 2987 a

202 3024 325 3111 collega
339 3033 448 3090 nostro
464 3024 616 3091 Metello:
638 3033 814 3112 utrumque
829 3026 897 3114 egit
915 3026 1067 3114 graviter,
1083 3023 1220 3090 auetori-

148 3124 268 3194 181111
282 3134 315 3191 et
329 3126 506 3192 offensione
523 3128 623 3192 animi
644 3149 712 3193 non
726 3129 849 3194 acerba
895 3150 992 3214 quam
1007 3129 1049 3194 ob
1064 3150 1134 3192 rem
1156 3125 1220 3212 pri·

201 3252 294 3294 mum
309 3229 415 3294 danda
429 3252 527 3315 opera
545 3238 593 3295 est
614 3252 657 3295 ne
678 3253 743 3317 qua
764 3231 943 3296 amicorum
965 3230 1101 3296 discidia
1121 3227 1220 3309 fiant3

203 3332 253 3395 sin
273 3331 337 3396 tale
359 3331 483 3418 aliquid
498 3332 652 3414 evenerit,
673 3340 710 3396 nt
732 3333 907 3398 exstinctae
929 3332 1038 3418 potius
1060 3329 1220 3396 amicitiae

203 3453 300 3517 quam
315 3454 485 3518 oppressae
500 3434 680 3498 videantur.
726 3434 909 3500 cavendum
924 3455 1001 3498 vero
1015 3455 1057 3498 ne
1072 3433 1170 3498 etiam
1185 3431 1220 3496 111

202 3533 311 3620 gravis
339 3534 524 3599 inimicitias
554 3542 745 3600 convertant
768 3557 802 3600 se
832 3534 1000 3617 amicitiae,
1031 3557 1073 3600 ex
1101 3535 1220 3622 quibus
