2752 3928
540 221 707 292 LAELIUS,
734 226 830 280 59-63.
1149 228 1192 291 49

177 393 341 458 emendati
366 413 472 459 mores
501 395 679 460 amicorum
708 396 782 479 sint,
812 402 885 461 tum
913 395 956 462 sit
980 395 1193 512 ηῇῑίἱξθζᾰξξζξ

176 495 334 560 intereos
356 495 503 560 omnium
521 518 640 580 rernm,
656 497 874 581 consiliorum,
890 497 957 563 vol·
981 511 1084 578 nimiu
1100 510 1131 556 of
1145 511 1193 558 uo-

178 604 331 662 untatum
351 597 420 661 sine
434 597 502 662 ulla
520 599 710 685 exceptione
731 600 956 683 communitae,
981 576 1040 615 ΒΜ
1050 567 1193 629 andplans3

177 706 217 764 ut
232 699 340 781 etiam,
350 699 377 763 si
392 719 456 785 qua
469 697 605 766 fortuna
618 701 772 766 acciderit
787 707 824 766 ut
838 702 946 766 minus
963 700 1066 766 iustae
1080 700 1196 766 amico-

179 823 255 865 rum
276 800 459 866 voluntates
483 801 683 867 adiuvandae
705 803 779 886 sint,
795 804 831 866 in
859 803 977 889 quibus
1001 824 1114 868 eorum
1139 811 1195 869 aut

179 908 278 988 caput
292 909 406 989 agatur
422 910 478 968 ant
492 902 590 985 fama,
606 903 835 969 declinandum
850 905 891 970 de
902 905 960 969 >via
974 904 1025 987 sit,
1041 905 1139 970 modo
1153 927 1195 970 nc

179 1025 307 1069 summa
320 1005 491 1090 turpitudo
505 1012 659 1091 sequatur
671 1027 680 1088 ;
702 1013 751 1070 θεῖ
764 1006 852 1071 enim
863 1013 1021 1092 quatenus
1036 1006 1195 1072 amicitiae

180 1105 251 1172 dan'
272 1107 369 1171 venia
389 1106 500 1191 possit.
544 1128 605 1172 nec
625 1128 704 1171 vero
727 1107 927 1194 neglegenda
945 1115 994 1172 est
1014 1107 1111 1188 fania,
1134 1128 1194 1172 nec

179 1207 342 1272 mediocre
356 1206 459 1272 telum
474 1208 516 1273 ad
529 1229 581 1272 res
595 1208 751 1295 gerendas
763 1208 948 1273 existunarc
962 1215 1091 1294 oportet
1101 1208 1195 1273 bene

180 1308 358 1373 volentiam
382 1309 514 1392 civium,
537 1330 636 1395 quam
661 1309 828 1375 blanditiis
849 1317 882 1374 et
903 1310 1101 1374 adsentando
1122 1331 1196 1374 con-

179 1410 281 1498 ligere
301 1417 398 1496 turpe
414 1419 483 1476 est:
505 1411 619 1494 virtus,
635 1433 733 1497 quam
755 1411 901 1498 sequitur
921 1412 1045 1494 caritas,
1060 1410 1195 1478 minime

179 1512 379 1598 repudianda
394 1521 451 1578 θεῖ.
496 1513 690 1601 sed-saepe
712 1514 799 1579 enim
821 1515 918 1594 redeo
940 1514 982 1580 ad
998 1513 1192 1600 Scipionem,
1204 1516 1245 1579 62

145 1631 151 1642 ·
180 1615 271 1680 ouius
286 1615 390 1680 omnis
410 1637 515 1682 sermo
530 1623 599 1682 erat
620 1618 662 1682 de
687 1614 1081 1702 amicitia—querebatur,
1105 1621 1194 1708 quod

181 1717 331 1783 omnibus
352 1718 388 1781 in
410 1718 506 1784 rebus
526 1717 674 1784 homines
696 1719 917 1806 diligentiores
939 1727 1062 1787 essent:
1084 1742 1194 1807 capras

179 1825 214 1884 et
228 1819 297 1884 ovis
319 1827 399 1906 quot
421 1821 557 1906 quisque
577 1820 712 1888 haberet
734 1822 840 1888 dicere
862 1844 964 1909 posse,
981 1823 1100 1888 amicos
1114 1830 1195 1908 quot

179 1919 313 1986 haberet
325 1943 394 1986 non
407 1943 500 2008 posse
512 1923 636 2007 dicere3
658 1931 691 1988 et
702 1924 736 1987 in
747 1924 811 1989 illis
823 1925 955 2012 quidem

179 2024 330 2109 parandis
355 2023 508 2090 adhibere
534 2046 654 2107 curam,
676 2025 713 2088 in
741 2026 852 2090 amicis
880 2005 1195 2110 deli-{1¹}5,2⁰s3,22,⁰¹²l{

179 2125 294 2212 gcndis
316 2125 519 2214 neglegentis
545 2147 613 2192 esse
636 2147 697 2191 nec
722 2125 840 2192 habero
865 2129 956 2213 quasi
981 2120 1141 2224 {rlggdffio
1154 2133 1195 2224 ἐξ

179 2227 271 2314 signa
285 2228 444 2313 quaedam
458 2235 492 2293 et
505 2235 607 2310 notas,
623 2228 741 2314 quibus
763 2249 826 2311 eos,
842 2229 899 2315 qui
915 2229 956 2294 ad
983 2235 1120 2284 suescunt
1139 2235 1195 2282 und

178 2329 356 2395 amicitiam
377 2338 482 2396 essent
503 2331 621 2413 idonei,
644 2331 834 2398 iudicarent.
879 2340 955 2398 sunt
981 2299 1043 2352 true,

177 2432 281 2519 igitur
294 2431 382 2498 firmi
397 2441 430 2499 et
444 2433 575 2499 stabiles
588 2441 623 2500 et
636 2442 818 2500 constantes
833 2435 983 2523 eligendi,
999 2434 1090 2501 cuius
1101 2455 1195 2522 gene·

178 2534 224 2599 ris
238 2542 287 2600 θεῖ
300 2557 419 2623 magna
433 2536 587 2622 penuria3
609 2543 643 2600 et
663 2536 806 2602 iudicare
821 2537 951 2603 difficile
966 2545 1014 2602 cst
1035 2558 1111 2601 sane
1132 2534 1195 2600 nisi

178 2643 360 2722 expertum,
376 2638 614 2724 experiundum
633 2645 743 2703 autem
758 2645 806 2703 est
827 2638 863 2701 in
883 2639 954 2724 ipsa
967 2638 1127 2702 amicitia:
1149 2637 1195 2701 ita

177 2739 357 2829 praecurrit
372 2739 515 2804 amicitia
525 2739 682 2805 iudicimn
693 2740 845 2824 tollitque
857 2738 1049 2824 expeiiundi
1059 2745 1195 2824 potesta

177 2848 254 2907 tem.
299 2849 348 2906 θεῖ
361 2841 464 2928 igitur
477 2842 646 2928 pmdentis
661 2842 817 2906 sustinere
831 2848 869 2904 ut
883 2861 1023 2922 cursum,
1035 2840 1081 2905 sic
1095 2840 1195 2927 impe-
1204 2842 1245 2906 63

177 2950 250 3008 tum
264 2943 516 3026 benevolentiae,
532 2964 597 3029 quo
611 2951 743 3008 utamur
756 2942 847 3028 quasi
865 2942 956 3028 equis
969 2942 1135 3030 temptatis
1149 2942 1195 3008 sic

177 3045 328 3129 amicitia,
358 3045 465 3132 aliqua
493 3053 585 3132 parte
613 3044 802 3131 periclitatis
833 3045 978 3110 moribus
1007 3045 1193 3110 amicorum.

177 3147 312 3233 quidam
326 3169 421 3234 saepe
434 3147 470 3212 in
484 3169 584 3233 parva
598 3147 735 3233 pecunia
756 3147 997 3234 perspicismtur
1011 3168 1109 3234 quam
1130 3146 1195 3211 sint

177 3248 274 3330 leves,
299 3249 432 3334 quidam
458 3258 575 3332 autem,
601 3270 681 3335 quos
706 3271 806 3335 parva
830 3271 962 3314 movere
986 3271 1053 3314 non
1077 3248 1192 3334 potuit,

177 3357 418 3436 cognoscuntur
441 3349 477 3413 in
502 3371 639 3437 magna3
665 3351 716 3415 sin
736 3372 815 3416 vero
837 3358 933 3416 erunt
954 3350 1054 3437 aliqui
1074 3350 1195 3436 reperti

178 3451 234 3536 qui
255 3452 427 3538 pecuniam
452 3450 616 3536 praeferre
636 3452 794 3518 amicitiae
814 3453 982 3518 sordidum
999 3452 1193 3536 existimem,

176 3554 235 3619 nbi
256 3575 310 3620 eos
326 3552 544 3693 3inveniemus,
561 3553 617 3638 qui
639 3553 786 3636 honores,
809 3553 1025 3641 magistratus,
1047 3555 1193 3640 imperia,
