2752 3928
209 219 252 282 28
510 213 549 269 Μ.
574 213 698 267 TULLII
723 210 925 266 CICERONIS

210 386 309 453 etiam
332 385 441 451 studio
462 391 497 451 et
511 385 657 452 doctrina
679 405 747 450 esse
769 384 961 469 sapientem,
976 405 1038 450 nec
1059 383 1144 450 sicut
1159 381 1229 450 vol·

209 511 280 576 gns,
297 488 353 552 sed
375 495 414 552 ut
436 487 557 553 eruditi
578 487 682 552 solent
704 485 867 572 appellere
889 485 1078 572 sapientem,
1094 485 1228 571 qualem

210 591 246 654 in
261 590 385 677 reliqua
401 588 540 655 Graecia
560 590 727 654 neminem
741 625 785 638 --
798 609 874 652 nam
891 589 949 673 qui
971 595 1096 674 septem
1118 589 1229 674 appel-

211 693 330 775 lantur,
343 713 397 758 eos
412 693 466 778 qui
483 691 545 756 ista
559 691 709 757 subtilius
719 697 881 777 quaerunt
896 691 932 754 in
947 711 1085 755 numero
1100 690 1230 776 sapien·

449 793 532 858 tium
549 813 616 856 non
631 793 753 858 habent
762 829 813 875 -,
826 791 969 856 Athenis
984 813 1089 856 unum
1105 794 1229 878 accepi-

211 861 341 964 ididiii
356 874 424 964 dudd
450 915 523 958 mus
545 901 579 958 et
600 916 676 958 eum
699 894 833 980 quidem
856 894 955 959 etiam
971 893 1139 980 Apollinis
1160 916 1229 959 ora-

211 975 424 1080 ffldffflssdssssss
450 997 524 1063 culo
538 996 814 1082 sapientissimum
832 996 1034 1062 iudicatum:
1058 995 1142 1060 hanc
1159 1017 1229 1061 esse

211 1090 426 1208 {ngrgftffssoffi
450 1099 486 1162 in
496 1106 531 1164 te
542 1097 735 1186 sapientiam
747 1097 944 1179 existimant,
954 1105 992 1162 ut
1004 1098 1114 1163 omnia
1125 1105 1183 1162 tua
1192 1098 1228 1162 in

124 1201 128 1208 '
212 1207 296 1310 ffis
312 1211 352 1310 fag
367 1163 425 1274 'tio
450 1210 484 1266 te
497 1202 603 1287 posita
618 1222 685 1265 esse
700 1199 799 1274 ducas
818 1199 1044 1285 humanosque
1060 1221 1148 1264 casus
1163 1199 1229 1264 vir·

230 1278 258 1310 ⁶³
296 1279 311 1311 ⁰
353 1278 422 1324 ψ’
450 1312 520 1367 tute
536 1301 706 1367 inferiores
728 1308 833 1386 putes.
877 1301 988 1387 itaque
1006 1322 1047 1366 ex
1063 1323 1117 1367 mc
1133 1323 1230 1387 quae

212 1413 299 1488 runt,
310 1407 407 1470 credo
422 1426 462 1470 ex
477 1404 539 1469 hoe
553 1405 632 1468 item
645 1402 809 1484 Scaevola,
819 1424 961 1489 quonam
976 1411 1072 1490 pacto
1086 1411 1229 1469 mortem

214 1507 367 1572 Africani
382 1507 478 1586 ieras,
492 1527 596 1592 eoque
610 1506 725 1593 magis,
741 1505 830 1592 quod
843 1507 1003 1592 proxImis
1017 1504 1135 1589 Nonis,
1151 1527 1229 1570 cum

214 1609 249 1672 in
264 1609 375 1673 hortos
389 1607 433 1673 D.
449 1607 545 1672 Bruti
559 1608 693 1695 augvrris
709 1608 952 1673 commentandi
967 1629 1071 1690 causa,
1086 1615 1124 1672 ut
1138 1607 1230 1672 adso-

213 1710 269 1793 let,
286 1710 495 1792 venissemus,
511 1718 549 1775 tn
562 1732 628 1776 non
647 1710 792 1793 adfuisti,
809 1711 866 1796 qui
882 1710 1131 1798 diligentissime
1148 1731 1230 1775 sem-

214 1813 381 1899 perillum
397 1813 484 1879 diem
499 1821 532 1877 et
546 1812 630 1878 illud
644 1834 763 1877 munus
778 1813 892 1878 solitus
908 1835 992 1878 esses
1008 1812 1108 1878 obire.

187 1920 206 1982 8
259 1948 425 1996 Scoevolahad
516 1912 680 1980 Scaevola.
727 1913 897 1992 Quaerunt
913 1915 1056 2001 quidem,
1073 1914 1110 1980 Ο.
1127 1913 1227 1996 Laeli,

214 2006 374 2111 ζξξξξᾱξξ
385 2005 427 2109 IN
453 2016 561 2098 multi,
576 2024 621 2081 ut·
636 2025 685 2082 est
703 2038 722 2081 a
736 2015 863 2082 Fannio
879 2017 1013 2099 dictum,
1030 2018 1087 2084 sed
1110 2039 1171 2104 ego
1192 2015 1230 2081 id

214 2119 306 2180 hallu,
453 2119 643 2204 respondeo,
660 2120 748 2205 quod
770 2119 916 2184 animum
940 2120 1076 2202 adverti,
1092 2129 1126 2186 te
1141 2120 1230 2185 dolo

215 2242 295 2302 rem,
316 2243 413 2306 quem
436 2221 598 2305 acceperis
620 2243 695 2286 cum
718 2222 839 2286 summi
862 2223 926 2286 viri
948 2230 1020 2287 tum
1041 2222 1230 2288 emIcissImi

215 2329 330 2404 morte,
345 2321 432 2386 ferre
447 2322 622 2402 moderate,
635 2344 697 2387 neo
711 2324 855 2409 potuisse
871 2346 938 2390 non
955 2324 1152 2390 commoveri
1168 2345 1229 2389 nec

214 2421 315 2488 fuisse
338 2423 373 2487 id
394 2424 606 2488 humanitatis
628 2432 725 2508 tuae3
748 2426 836 2512 quod
858 2434 967 2491 autem
990 2425 1097 2490 Nonis
1118 2426 1154 2488 in
1169 2425 1231 2490 col-

213 2524 301 2611 legio
317 2533 427 2591 nostro
445 2547 511 2591 non
531 2525 699 2609 adfuisses,
715 2528 938 2594 valetudinem
961 2527 1141 2613 respondeo
1160 2548 1232 2591 oau-

112 2624 117 2634 '
215 2650 294 2711 sam,
310 2650 376 2693 non
390 2628 585 2696 maestitiam
606 2629 716 2694 fuisse.

215 2762 296 2809 which
312 2762 426 2809 mnu,
516 2729 664 2796 Laeliae.
689 2731 794 2796 Recte
808 2738 845 2795 tu
861 2731 1005 2817 quidem,
1022 2729 1185 2813 Scaevola,
1197 2737 1232 2794 et

215 2821 416 2881 saidwosrignt3
452 2855 547 2899 vere:
570 2856 631 2900 nec
646 2833 735 2899 enim
758 2835 798 2899 ab
820 2834 884 2898 isto
906 2833 1023 2914 officio,
1041 2833 1129 2920 quod
1151 2854 1235 2896 sem-¹

216 2954 275 3018 per
297 2934 463 3019 usurpavi,
490 2957 566 3000 cum
591 2937 744 3017 valerem,
771 2935 888 3002 abduci
917 2935 1128 3001 incommodo
1156 2955 1232 2998 meo

216 3033 325 3116 debui,
355 3056 416 3100 nec
444 3037 513 3102 ullo
543 3059 618 3102 casu
648 3038 786 3103 arbitror
817 3037 881 3102 hoc
909 3038 1070 3103 constanti
1102 3035 1231 3101 homini

187 3139 309 3221 9posse
338 3138 537 3225 contingere,
564 3146 603 3204 ut
631 3139 699 3204 ulla
727 3139 926 3204 intermissio
951 3138 1009 3204 fiat
1039 3139 1145 3204 officii.
1194 3144 1231 3201 tu

216 3245 336 3319 autem,
363 3237 480 3322 FannI,
507 3241 596 3325 quod
619 3242 701 3305 mihi
734 3249 864 3306 tantum
890 3241 993 3306 tribui
1018 3241 1109 3322 dieis,
1134 3261 1232 3326 quan·

215 3347 288 3404 tum
313 3363 374 3428 ego
398 3363 459 3407 nee
484 3342 646 3428 adgnosco
672 3365 732 3407 nec
757 3342 896 3428 postule,
919 3341 1001 3408 facis
1027 3343 1139 3419 amice,
1164 3341 1230 3421 sed,

215 3451 253 3506 ut
274 3443 358 3506 mihi
373 3443 504 3525 videris,
520 3465 587 3508 non
601 3452 688 3508 recte
706 3444 830 3508 iudicas
852 3443 893 3508 de
906 3443 1047 3509 Catone:
1072 3450 1128 3507 eut
1143 3443 1230 3506 enim

216 3565 322 3626 uerno,
340 3545 428 3630 quod
451 3545 584 3630 quidem
608 3546 711 3630 magis
726 3545 833 3626 erede,
849 3551 915 3626 aut,
932 3545 960 3608 si
975 3545 1159 3631 quisquam,
1174 3544 1231 3608 ille
