2752 3928
519 233 685 305 ussurus,
712 237 842 290 100-104.
1067 315 1070 319 .
1148 241 1188 302 53

170 405 392 472 Mummium:
413 405 555 472 vicissim
570 414 678 472 autem
692 429 783 472 senes
797 408 832 471 iu
846 408 1099 474 adulescentium
1114 409 1190 474 cari-

170 516 237 574 tate
265 508 511 595 adquiescimus,
533 509 628 573 utin
649 516 765 591 vestra,
788 517 826 574 ut
853 510 890 574 in
918 508 959 588 Q.
990 509 1189 595 Tuberonis3

170 610 324 697 equidem
352 611 450 675 etiam
478 611 656 676 admodum
684 611 896 676 adulescentis
925 610 963 676 P.
991 610 1118 695 Rutilii,
1143 612 1186 679 A.

170 713 323 800 Verginii
345 711 564 777 familiaritate
590 712 739 779 delector.
795 713 1013 800 quoniamque
1038 713 1083 780 ita
1107 716 1188 782 ratio

170 823 352 901 comparata
367 823 415 880 est
430 815 515 880 vitae
529 822 725 902 natmaeque
738 809 874 898 nostrae,
889 823 927 880 ut
942 816 1003 880 alia
1013 824 1097 882 aetas
1111 807 1189 883 dria-

170 925 233 1000 tur,
256 917 396 982 maxime
419 917 552 1003 quidem
574 919 752 1003 optandum
775 925 824 983 est
845 925 883 982 ut
905 940 981 983 cum
1003 920 1188 1005 aequalibus

169 1021 279 1107 possis,
292 1019 485 1105 quibuscum
498 1026 664 1104 tamquam
675 1042 694 1085 e
704 1021 883 1086 carceribus
898 1020 1031 1086 emissus
1045 1021 1096 1104 sis,
1112 1044 1188 1087 cum

168 1121 273 1188 isdem
287 1122 327 1186 ad
348 1121 478 1204 calcem,
494 1129 532 1186 ut
545 1121 672 1205 dicitur,
688 1123 876 1208 pervenire3
897 1124 1121 1210 sedquoniam
1136 1147 1186 1190 res
1197 1129 1258 1193 102

169 1223 328 1288 humanae
342 1222 474 1311 fragiles
497 1225 700 1310 caducaeque
722 1232 807 1307 sunt,
823 1247 951 1311 semper
965 1225 1065 1312 aliqui
1079 1227 1188 1312 anqui-

169 1327 262 1391 rendi
276 1333 351 1390 sunt
363 1348 442 1412 quos
454 1325 625 1413 diligamus
641 1332 673 1390 et
689 1327 834 1412 aquibus
844 1326 1034 1414 diligamur3
1057 1327 1187 1393 caritate

169 1429 258 1493 enim
275 1428 564 1514 benevolentiaque
586 1428 709 1494 sublata
733 1429 837 1493 omnis
860 1436 908 1493 est
930 1451 948 1494 e
973 1430 1041 1495 vita
1063 1431 1187 1496 sublata

168 1530 359 1596 iucunditas.
405 1530 487 1594 mihi
502 1530 634 1616 quidem
658 1530 776 1617 Scipio,
793 1552 989 1617 quamquam
1011 1540 1059 1597 est
1080 1534 1186 1599 subito

169 1641 306 1720 ereptus,
329 1633 413 1697 vivit
441 1639 550 1698 tamen
573 1655 764 1719 semperque
785 1634 895 1716 vivet3
920 1635 1076 1699 virtutem
1097 1636 1186 1700 enim

167 1736 274 1800 amavi
287 1735 373 1800 illius
388 1736 460 1818 viri,
477 1758 558 1822 quae
574 1736 731 1800 exstincta
751 1758 817 1800 non
839 1743 896 1800 est.
940 1759 1001 1802 uec
1022 1738 1105 1802 mihi
1126 1739 1185 1803 scli

167 1845 313 1902 versatur
327 1844 400 1902 aute
415 1837 532 1920 oculos,
546 1837 602 1923 qui
616 1837 706 1901 illam
720 1859 849 1923 semper
862 1838 898 1900 in
911 1840 1061 1904 manibus
1074 1840 1183 1923 habui,
1205 1843 1207 1848 '

167 1941 224 2005 sed
239 1939 336 2004 etiam
351 1940 484 2025 posteris
503 1941 563 2004 erit
578 1939 662 2005 clara
683 1947 717 2004 et
738 1939 889 2027 insignis:
911 1961 1008 2005 nemo
1029 1963 1184 2026 umquam

167 2043 277 2107 animo
291 2049 346 2107 aut
361 2064 417 2127 spe
431 2042 551 2107 maiora
565 2041 717 2127 suscipiet
731 2041 789 2127 qui
802 2041 865 2107 sibi
878 2063 945 2106 non
966 2042 1052 2108 illius
1066 2065 1185 2109 memo

166 2145 249 2208 riam
264 2151 359 2229 atque
380 2143 556 2232 imaginem
577 2145 820 2230 proponendam
841 2151 944 2230 putet.
971 2172 1183 2242 andespeetally

166 2245 319 2332 equidem
333 2267 374 2310 ex
395 2245 545 2312 omuibus
566 2247 670 2329 rebus,
688 2267 765 2332 quas
787 2244 869 2309 mihi
891 2254 946 2310 aut
971 2231 1183 2336 {ss‘l’gsshfflsgss}
1194 2250 1255 2312 103
1353 2235 1357 2244 ’

167 2347 298 2413 fortuna
312 2355 367 2414 aut
382 2356 495 2413 natura
510 2348 633 2432 tribuit,
646 2348 730 2412 nihil
744 2348 847 2414 habeo
859 2349 946 2435 quod
971 2347 1019 2407 pio.

166 2472 242 2514 cum
265 2450 406 2516 amicitia
425 2449 584 2536 Scipionis
605 2450 725 2537 possim
747 2473 949 2538 comparare:
971 2450 1006 2514 in
1027 2449 1087 2514 hac
1101 2449 1183 2513 mihi

165 2552 257 2616 dere
278 2552 408 2637 publica
429 2573 607 2636 cousensus,
624 2553 659 2616 iu
680 2553 741 2619 hac
762 2576 870 2618 rerum
891 2553 1090 2639 privatarum
1111 2573 1184 2616 con-

165 2652 285 2734 silium,
301 2653 336 2716 iu
351 2655 463 2718 eadem
477 2655 603 2740 requies
624 2655 720 2742 plena
734 2655 956 2720 oblectationis
973 2653 1046 2718 fuit.
1090 2675 1184 2716 unm-

166 2777 265 2842 quam
280 2755 374 2820 illum
387 2778 429 2821 ne
450 2757 585 2822 minima
599 2757 732 2844 quidem
747 2780 782 2822 re
797 2755 929 2839 offendi,
946 2756 1034 2842 quod
1048 2756 1181 2841 quidem

164 2858 328 2940 senserim,
340 2858 428 2950 011111,
437 2858 547 2924 audivi
562 2881 602 2924 ex
617 2881 655 2925 eo
670 2860 739 2946 ipse
750 2859 839 2946 quod
851 2858 981 2940 nollem,
993 2879 1058 2923 una
1068 2858 1182 2923 domus

165 2968 242 3042 erat,
258 2960 346 3026 idem
362 2961 467 3025 victus
488 2961 579 3047 isque
601 2961 791 3044 communis,
807 2983 914 3047 neque
930 2960 1035 3025 solum
1056 2959 1181 3042 militia,

164 3063 345 3128 sedetiam
373 3063 645 3150 peregrinationes
673 3063 957 3150 rusticationesque
985 3084 1181 3128 communes.

163 3166 335 3251 namquid
357 3187 418 3251 ego
435 3166 475 3230 de
489 3149 608 3230 studiis
625 3166 731 3230 dicam
753 3165 965 3253 cognoscendi
981 3185 1108 3250 semper
1129 3163 1182 3227 ali-
1192 3167 1256 3230 104

164 3265 246 3351 quid
264 3273 361 3352 atque
382 3267 536 3349 discendi,
552 3272 587 3331 in
609 3267 726 3353 quibus
747 3268 864 3333 remoti
885 3269 925 3332 ab
947 3267 1048 3331 oculis
1070 3264 1182 3352 populi

164 3389 263 3432 omne
285 3367 425 3433 otiosum
445 3376 574 3455 tempus
595 3369 826 3434 contrivimust
849 3390 986 3454 quarum
1007 3390 1115 3432 rerum
1137 3389 1182 3432 re-

164 3469 308 3535 cordatio
331 3477 364 3535 et
385 3471 542 3536 memoria
554 3471 582 3535 si
596 3493 661 3535 uua
683 3492 759 3535 cum
780 3469 837 3534 illo
861 3469 1037 3552 occidisset,
1062 3467 1183 3534 deside·

163 3571 250 3636 rium
273 3571 527 3637 coniunctissimi
549 3581 646 3657 atque
670 3571 880 3636 amantissimi
904 3569 965 3633 viri
984 3571 1070 3634 ferre
1091 3570 1181 3634 nullo
